2306 3898
358 233 685 317 mmmm
795 235 984 294 -eu

79 388 242 460 ,teminorum
255 353 586 472 panea'inmnmane,
602 394 655 450 aut
666 395 818 514 morona&
836 403 985 460 nusquam
1096 411 1099 418 ·

84 475 143 516 nero
158 465 205 514 aut
222 457 413 529 certatrictae,
432 465 484 516 aut
495 475 601 530 qarovu
614 459 703 530 modo
718 457 759 514 im
820 457 892 515 itae.
917 453 985 528 vir,

84 528 125 600 qni
140 527 240 584 hernia
257 530 289 584 iu
307 527 434 601 inguine
452 528 503 582 diu
519 527 733 597 laboraverat,
750 476 814 583 iseo,
828 533 985 597 correptus

84 595 173 668 periit3
200 605 247 665 at,
263 595 361 654 inciso
380 601 528 654 cadavere
562 595 743 654 intestinum
759 597 834 652 adeo
851 596 922 652 laxe
939 594 985 665 ja-

85 667 155 720 cebat
170 662 202 720 in
218 664 362 740 inguine,
389 672 423 722 ut
445 667 503 721 duo
529 633 615 738 digni
632 662 664 720 iu
680 663 762 719 idem
781 663 921 720 foramen
939 662 985 719 fa·

84 733 383 805 eiloadmitterentnr3
401 750 470 806 para
490 750 608 805 utroque
625 731 776 804 intestini,
794 733 852 789 hoc
870 733 985 788 annulo

84 801 264 873 erotundata,
282 805 377 858 anullo
395 801 498 858 miuus
515 802 599 872 laeua
617 800 732 870 furerat,
751 818 841 873 qnam
858 817 933 872 quaa
950 798 984 856 in

83 876 194 926 acrotnm
218 873 434 940 descenderat,
465 887 540 941 quae
566 867 655 942 nigra
679 877 744 926 erat
774 875 804 926 et
834 877 983 927 emortua.

84 941 210 1012 Quamnm
235 939 307 995 illae
331 945 398 1014 p'oat
425 943 530 996 morter
578 946 710 994 mutatae
728 935 810 1008 aiut,
836 935 984 994 incertum

83 1014 127 1062 eat.
164 1009 197 1062 ln
214 1011 311 1066 altero
328 1007 473 1063 dimidius
491 1025 538 1062 am
562 1004 622 1064 itm
638 1007 834 1065 membranae
850 1003 907 1062 coli
926 1022 990 1063 ex·-

83 1073 201 1146 terioria,
225 1075 360 1146 quinque
385 1075 651 1148 pontemleugua,
677 1071 760 1157 nigri
778 1082 843 1134 erat
860 1067 984 1144 colaria,

83 1143 200 1224 quamvia
217 1147 333 1200 nullum
351 1141 602 1216 impedimentum
620 1145 717 1215 detegi
737 1142 843 1215 potnit.
869 1146 903 1201 lu
918 1160 985 1198 mu·

82 1211 158 1283 bere,
186 1229 262 1284 qnae
289 1209 403 1270 decimo
428 1219 534 1284 qtrarto
558 1212 607 1269 die
629 1213 761 1268 extincta
785 1219 848 1283 eat,
877 1211 987 1284 exigua

82 1295 137 1360 para
153 1279 271 1338 tunicae
287 1279 655 1352 intestini‚'extrinaeoua
672 1283 775 1338 oeulos
792 1279 926 1354 fugiens,
952 1279 987 1354 in

82 1365 175 1420 ragina
192 1352 413 1422 delapaauerat,
431 1355 462 1405 et
500 1366 536 1404 au
559 1365 649 1430 paena
667 1358 826 1422 occupata3
855 1349 912 1406 aed
926 1353 992 1409 neb

83 1423 197 1488 narona,
214 1435 271 1476 nec
288 1418 443 1488 quodlibet
493 1417 523 1472 in
561 1418 809 1488 impedimentum
827 1426 912 1476 erat·

134 1491 179 1542 Ex
195 1485 249 1558 iia,
279 1503 357 1556 quiae
375 1487 455 1553 diota
474 1493 562 1555 aurat,
589 1493 674 1558 patet
690 1487 784 1542 ileum
802 1504 869 1546 aeae
885 1485 987 1547 iatiute

26 1563 30 1573 ’
83 1553 149 1608 nodi
165 1559 314 1625 morbum,
331 1554 364 1610 in
383 1571 442 1626 qno
456 1553 555 1611 omnia
566 1551 775 1613 calefacientia
787 1563 857 1614 arant
870 1555 986 1627 olianta

83 1622 193 1694 adquae
211 1631 314 1680 tamen
332 1622 415 1698 aegri
434 1630 463 1680 et
480 1631 588 1695 sponte
605 1640 671 1696 ana,
693 1631 723 1679 et
741 1622 907 1682 amicorum
919 1625 988 1683 bor·

84 1689 198 1762 tatione,
225 1692 318 1750 nimis
336 1709 429 1766 saepe
446 1689 638 1765 confugiunt.
676 1693 797 1751 Curatio
814 1691 850 1750 fit
866 1709 921 1764 per
937 1709 988 1751 eae

83 1772 134 1826 reu,
151 1778 225 1834 qnae
242 1759 382 1817 minuunt
399 1757 667 1818 inflammationem
685 1769 714 1821 et
732 1763 836 1826 alvum
853 1767 987 1819 movent.

83 1825 159 1904 igitur
174 1828 297 1914 sanguia
315 1829 404 1886 toties
422 1831 630 1905 detrahendus
649 1837 706 1900 est,
724 1819 941 1902 quotieadoior
957 1833 989 1886 at
1046 1889 1049 1896 Δ

83 1895 260 1954 milammatro
278 1901 443 1969 postulent,
462 1906 493 1956 et
510 1896 592 1956 vires
610 1897 724 1956 sinant.
757 1898 905 1956 Proximo
922 1901 989 1956 loeo

82 1966 240 2024 tentandum
259 1975 307 2024 eat
323 1969 483 2032 balneum,
511 1973 542 2023 at
566 1969 604 2022 ad
623 1965 781 2024 arbitrium
799 1967 884 2041 aegri
902 1985 990 2039 repe·

82 2035 201 2114 tendum.
227 2036 367 2106 Dolores,
386 2042 534 2108 uteunque
552 2042 678 2108 atrocen,
697 2035 762 2094 fere
780 2054 903 2109 semper
915 2054 989 2096 cou-

81 2109 243 2176 qmeaeunt,
271 2103 413 2174 quamdin
440 2121 530 2175 aeger
554 2103 587 2159 iu
605 2105 714 2163 balneo
732 2112 896 2162 ramaneat.
932 2109 989 2162 Fo-

80 2177 183 2244 menta,
201 2181 232 2229 et
250 2171 368 2228 vesicae
385 2187 463 2246 aqna
481 2172 577 2228 calida
595 2174 800 2253 semiplenae,
819 2173 918 2248 veratri
935 2175 989 2230 ad·

79 2244 174 2318 motae,
192 2241 326 2296 remedia
344 2250 414 2300 arunt
432 2240 533 2296 balnei
551 2241 675 2310 simmia,
694 2243 749 2298 aed
766 2243 869 2301 aninua
882 2245 988 2300 valeu-

80 2309 124 2361 t1a.
156 2313 208 2363 llm
233 2312 357 2366 laatrnm
376 2308 561 2366 cantharidis
579 2326 672 2380 anper
689 2311 838 2368 abdomen
863 2309 988 2382 imposi-
1063 2332 1067 2345 ¹

80 2377 133 2452 tum
153 2327 266 2448 proiirn
290 2395 353 2434 non
377 2379 475 2434 solinu
501 2377 684 2457 refrenando
709 2375 989 2451 inflammationem,

79 2445 194 2500 arentin
212 2445 385 2517 pleuritide‚
403 2445 567 2503 sedetiam
585 2445 750 2510 coercendo
769 2447 988 2520 distentiones,

79 2525 145 2578 qnae
161 2515 214 2570 rel
231 2513 422 2588 impediunt,
441 2515 494 2572 vel
509 2513 662 2572 invertunt
680 2517 850 2572 naturalem
865 2513 989 2577 iuteatie
1036 2572 1042 2580 ,

79 2593 173 2636 nanum
191 2589 317 2638 motum.
353 2635 356 2646 ,
874 2629 878 2642 .

137 2649 242 2706 Omnia
266 2653 340 2707 haec
364 2649 481 2708 atrxilia
505 2649 638 2707 reddunt
655 2652 758 2706 alvum
775 2649 872 2724 magia
888 2644 989 2722 prom·

78 2717 132 2769 tam
148 2719 186 2772 ad
204 2722 372 2790 parendum
391 2717 572 2790 medicinae3
592 2733 632 2776 ex
648 2737 708 2790 qaro
724 2717 787 2776 vita
805 2719 886 2793 aegri
904 2719 989 2778 tunice

78 2787 191 2851 pendet.
220 2785 362 2844 Odiosum
380 2795 436 2858 eat,
453 2787 533 2858 arrad
551 2787 744 2860 purgantium
757 2789 889 2846 omnium
899 2805 990 2860 sapor

77 2851 225 2929 plerisque
241 2852 421 2926 injucundus
439 2854 479 2912 ait
497 2863 527 2912 et
538 2873 683 2913 arariaeam
695 2865 831 2928 moveat3
851 2859 889 2914 ud
922 2874 989 2917 natu

77 2926 160 3000 enam
177 2926 301 2980 morbus
317 2942 371 2980 ana
390 2930 497 3005 aalma
514 2941 636 2996 semper
647 2924 793 3006 proclivia
810 2932 868 2981 eat.
941 2922 989 2981 ino

77 2997 163 3044 untur
186 3007 247 3046 non
273 2993 431 3048 mediocria
458 2991 618 3048 difficultas
645 2993 825 3050 inveniendi
858 2993 989 3052 medica·

78 3064 188 3128 menta,
219 3071 295 3128 quiae
317 3068 406 3130 erratu
430 3059 599 3116 tolerabilia
616 3059 708 3132 ferri,
735 3070 766 3116 et
782 3079 800 3116 a
816 3061 990 3117 ventriculo

78 3123 195 3181 retmeri
212 3136 349 3198 pereunt.
384 3131 507 3199 Verum,
524 3129 575 3203 qni
592 3147 653 3186 non
671 3137 851 3189 aversantur
866 3129 990 3212 pilulae,

78 3195 431 3278 commodandarorebunt
447 3195 579 3254 extracti
596 3195 817 3271 colocynthidia
834 3199 991 3268 eornpoaiu

77 3271 163 3328 grana
185 3279 318 3336 quumque
340 3265 474 3338 ungulis
497 3266 677 3336 eommunia,
702 3266 798 3330 donec
825 3270 913 3327 alvna
939 3284 990 3322 re·

78 3331 236 3397 sponderit.
271 3337 337 3388 Duo
353 3334 517 3390 cochlearia
535 3334 834 3414 jersonliprelaquue
851 3336 990 3400 rnaatbae
