2316 3892
180 287 394 364 emnam.
430 262 803 349 numos-eum·
894 291 945 350 no

57 441 314 584 fflcexmzequia
332 439 429 514 caligo
445 439 560 499 eandm
576 438 729 512 obrepens
746 451 870 516 aegrum
886 442 945 498 rix

105 592 181 652 latius
198 593 319 667 generis
337 589 483 666 caligines
501 592 593 650 oeulis
610 591 763 650 interdum
781 591 945 650 offirnduu·

58 671 103 734 tur,
128 663 283 736 inquibus
301 663 389 718 modo
408 665 540 718 maculae
557 662 661 736 nigrae
684 662 719 719 in
746 661 815 718 aiire
834 662 946 718 viden·

57 741 91 786 tur
103 731 237 804 tolitar03
266 733 354 788 modo
372 729 498 786 dimidia
517 737 635 785 tantum
652 747 723 802 pars
741 747 842 785 rerum
861 729 945 786 cerni

57 807 143 871 potest:
171 816 246 923 auae
270 817 335 854 cum
363 798 541 854 duraverint
563 797 685 854 circiter
708 797 828 854 tertiam
852 800 946 855 horae

57 876 157 939 partem,
194 867 314 924 esinuut
328 868 361 922 in
372 869 586 924 vehementem
600 865 706 938 capitis
718 867 854 924 dolorem
867 868 946 921 mul·

57 945 87 992 tar
105 937 184 993 horas
205 933 410 1008 saevientern3
445 934 535 993 simul
560 953 679 1007 quoque
704 933 739 989 iu
764 933 945 1006 quibusdam

57 1019 143 1061 nausea
159 1013 188 1060 et
202 1003 332 1063 uomitus
357 1010 438 1060 strat.
482 1004 587 1074 Angor
613 1005 717 1060 harum
743 1003 946 1060 accessionum

58 1071 98 1128 rix
112 1083 151 1130 est
167 1073 351 1144 tolerabilis,
382 1069 547 1144 periculum
565 1076 662 1126 autem
680 1087 802 1142 prorsus
819 1073 946 1152 nullum²

57 1147 170 1212 nantum
192 1141 315 1214 conjicio
340 1157 380 1197 ex
401 1137 457 1212 iis,
482 1138 533 1211 qui
555 1137 705 1195 vixerunt
723 1137 947 1214 annosviginti

58 1221 124 1282 nepe
139 1209 240 1292 tentati
257 1208 316 1265 hac
333 1209 556 1281 aegrotatione,
574 1213 605 1263 et
622 1215 721 1284 tamen
739 1212 876 1266 cessante
893 1209 946 1264 ‹lo--

56 1276 102 1334 lore
114 1286 179 1336 saus
196 1279 350 1358 commorle
366 1278 535 1333 valuerunt.
563 1279 628 1358 lloc
641 1279 755 1358 malum
767 1279 853 1354 nulla
867 1283 947 1358 certa

58 1351 164 1418 tempora
179 1349 327 1404 redeundi
344 1352 460 1404 servat·
488 1359 544 1400 uec
569 1360 710 1400 rnrenrre
731 1343 819 1417 potui
836 1348 946 1417 qrubus

57 1413 191 1494 decausis
220 1420 358 1496 repetat¹
393 1386 541 1486 quiimsve
570 1411 714 1494 remediis
745 1419 948 1495 saneturaut

58 1487 122 1538 ettam
136 1484 281 1552 leniatur3
299 1498 357 1538 mar
376 1483 457 1554 quod
475 1483 597 1536 cubanti
612 1480 645 1536 iu
663 1483 739 1536 lecto
758 1482 844 1538 dolor
859 1488 957 1540 cruus'

58 1545 144 1635 tritu,
160 1552 332 1636 erimpetua
345 1549 409 1632 eius
422 1548 615 1630 aliquantum
627 1546 783 1606 minuitur.
797 1549 946 1672 {Aestate

57 1623 246 1769 litaret
264 1617 948 1768 tentaminiscultenna

59 1753 287 1880 ¹1lgenrtuurarurn
305 1763 357 1813 aut
373 1756 453 1812 mhrl
468 1754 567 1828 juvat:
594 1759 666 1812 sunt
684 1753 734 1828 qui
751 1760 860 1828 putant
877 1771 947 1811 enm

95 1841 171 1883 usse.
651 1843 654 1848 ·

57 1977 226 2053 turbationem
250 1978 340 2050 fecit,
365 1988 396 2036 ut
420 1985 552 2034 remotae
579 1979 783 2034 tautummodo
809 1994 860 2034 res
883 1977 946 2036 dis·

56 2047 124 2122 lucto
139 2048 221 2104 cerni
238 2055 383 2120 possent,
411 2047 660 2116 quemadmodum
677 2045 712 2100 lit
730 2045 764 2101 -in
781 2053 945 2104 senectute.
1029 2061 1035 2085 ¹

56 2110 126 2171 linas
143 2116 274 2190 cognovi
297 2115 441 2173 mulieres
489 2131 564 2186 quae
581 2121 743 2186 postquam
762 2117 874 2172 multos
890 2131 947 2171 au·

55 2193 92 2258 aas
105 2182 163 2244 sine
178 2183 271 2243 vitris
288 2182 434 2264 convexis
448 2154 553 2254 iegere
570 2200 631 2240 nou
649 2183 829 2264 poenineat,
850 2182 883 2239 in
900 2186 947 2239 ul-

55 2254 107 2305 tma
122 2259 289 2324 senectute,
307 2254 402 2308 oculu
419 2259 529 2332 sponte
545 2267 598 2307 sua
615 2259 780 2322 restitutis,
797 2260 948 2308 vitrorum

55 2330 120 2396 uum
133 2323 212 2378 hand
229 2321 361 2393 amplius
379 2320 604 2400 desiderabant.
640 2317 765 2392 Vertigo
783 2317 883 2377 subito
900 2320 947 2378 fe·

54 2391 83 2440 tlt
95 2392 238 2458 quendam
254 2391 446 2459 strabonem3
476 2387 564 2443 simul
587 2403 636 2444 res
653 2403 757 2443 omnes
774 2386 860 2443 visae
878 2396 949 2446 aaut

54 2451 212 2526 duplicatae:
230 2465 388 2528 utrumque
404 2457 462 2528 hoe
479 2454 587 2536 vitium
598 2461 668 2576 fest
681 2452 866 2535 vigintiuies
879 2455 948 2512 fini·

54 2523 100 2578 itm
113 2533 165 2584 est.
198 2529 283 2582 Idem
300 2523 428 2598 siugulis
447 2541 563 2589 arrrorrs
580 2540 596 2578 a
612 2530 668 2578 terr
685 2529 826 2594 contigit,
852 2523 946 2592 proti·

54 2603 95 2648 atu
110 2601 139 2652 ut
155 2602 354 2669 experrectus
372 2599 468 2664 essct,
487 2599 517 2648 et
534 2589 751 2662 aliquantisper
768 2592 897 2648 dinavit.

103 2697 260 2752 Nonnullis
274 2707 452 2768 pererratum
471 2700 518 2752 est
535 2691 785 2749 exulcerationem
805 2709 861 2764 per
877 2709 947 2748 can·

53 2757 164 2821 bannos
181 2765 232 2820 diu
251 2771 403 2820 serratam
428 2765 531 2818 oculos
558 2760 726 2817 debilitare.
770 2765 888 2818 'l'arneu
913 2761 948 2816 in

53 2829 125 2906 variis
142 2836 294 2888 oculorum
312 2831 424 2887 morbis
442 2830 584 2887 novimus
608 2832 771 2902 emplastra
798 2831 948 2885 cantheri-

52 2891 86 2950 lrs
100 2898 211 2957 utiliter
227 2916 295 2957 esse
312 2902 446 2969 admota3
473 2906 505 2955 et
531 2905 613 2954 certe
637 2897 830 2955 imbecillitas
847 2902 949 2954 oculo·

51 2975 104 3019 tum
118 2969 217 3024 locum
228 2985 290 3024 non
301 2970 394 3024 habet
404 2967 484 3023 inter
497 2965 622 3024 effectus
633 2967 856 3037 cantharidum,
874 2981 948 3037 quos

51 3043 96 3086 usu
110 3037 241 3108 cognitos
258 3042 290 3093 et
306 3043 474 3118 compertos
490 3037 644 3091 babemus.
685 3039 840 3091 Postremo
863 3034 948 3090 mrtlti

103 1901 218 1986 lertigo
242 1907 450 1968 vehementior
474 1908 575 1968 subito
597 1907 689 1966 istam
707 1909 861 1966 oculorum
878 1925 947 1980 per·
1002 1887 1004 1892 ¹
1073 1917 1076 1926 '

49 3094 196 3166 huiusmodi
214 3107 470 3160 exulcerationem
487 3110 648 3160 servarunt
659 3104 763 3158 decem
776 3117 871 3158 annos
882 3103 948 3159 sine
1032 3119 1035 3126 ·

50 3166 97 3222 ulla
112 3175 261 3228 oculorum
277 3171 398 3244 injurie.
424 3175 641 3228 Verumtamen
658 3176 702 3224 tot
712 3185 870 3242 aegrorum
881 3170 948 3226 eni·

50 3245 101 3310 {aas
124 3239 315 3298 subiit·baee
337 3239 484 3312 auspicio·
524 3244 555 3296 et
582 3240 813 3310 nonnullorum,
830 3237 948 3308 'quibus

48 3304 141 3382 teram
157 3307 327 3380 iterumque
343 3309 422 3364 oculi
438 3281 619 3364 laborarunt
635 3305 784 3378 impositis
795 3307 947 3361 canthari·
993 3331 1003 3346 ·

49 3367 141 3446 tibur,
158 3384 191 3433 et
205 3377 256 3435 lais
272 3376 395 3435 remotis
412 3378 480 3434 esai
496 3375 569 3432 iacti
586 3379 670 3444 runt3
696 3381 731 3431 ut
747 3376 819 3432 llaec
836 3373 948 3446 opinio,
