2306 3898
162 233 213 288 112
250 243 256 256 ¹
314 223 930 314 Denorbemltiutors'ueecsruds'ue.

160 379 194 436 in
217 395 325 452 aegro,
358 379 443 450 cujus
465 379 573 437 fauces
590 379 799 438 indemnatae
824 385 928 449 orout,
957 385 989 436 et
1013 378 1085 436 dein

161 455 355 520 suppuratae.
400 448 653 522 Hydrophobiusu
678 465 722 510 ex
743 465 846 507 morsu
869 447 1015 506 animalis
1037 463 1084 504 rs·

161 516 239 576 bicsi
255 533 410 590 uunquam
428 517 504 574 vidi.

523 695 541 703 ..
551 695 625 706 ....-.
632 695 727 710 ἡ...

451 807 571 868 MP.
612 811 783 870 XLVIII.

512 945 563 1002 Dc
579 943 725 1020 hydrope.

162 1011 336 1122 Telorum
352 1068 404 1119 sut
422 1079 541 1120 crurum
560 1071 710 1136 tumores,
735 1061 786 1136 qui
808 1079 899 1122 mane
921 1067 973 1121 vel
990 1063 1084 1121 dissi·

159 1139 283 1204 piantur,
300 1133 352 1188 vel
369 1136 497 1188 multum
515 1131 704 1208 minuuntur,
722 1131 884 1190 familiares
903 1139 975 1191 sunt
992 1131 1083 1189 femi·

160 1199 208 1256 uis
225 1202 258 1256 iu
276 1199 353 1256 coeli
372 1201 517 1272 temperie
535 1202 694 1273 calidiore,
719 1209 749 1258 et
765 1201 798 1256 iu
817 1201 1003 1274 graviditste
1053 1209 1085 1256 et

160 1273 224 1323 turn
246 1267 321 1324 viris
345 1285 434 1350 quam
458 1269 581 1328 feminis
605 1289 622 1327 e
643 1269 757 1326 morbis
776 1271 922 1346 gravibus
940 1277 996 1325 aust
1029 1285 1083 1325 on·

160 1333 208 1408 gis
226 1340 435 1408 surgentibus3
459 1337 533 1394 item
550 1337 733 1410 senioribus,
752 1346 782 1394 et
800 1337 979 1409 arthriticis,
997 1345 1029 1396 et
1044 1336 1084 1394 iis

150 1421 290 1476 ,quornm
307 1422 393 1462 crura
410 1409 492 1463 laesa
509 1408 625 1476 fuerint
641 1409 704 1464 ictu
730 1410 780 1463 vel
803 1405 1008 1478 distorsisse,
1031 1408 1085 1462 vel

161 1471 407 1547 exulceratione,
435 1491 552 1548 qsraeve
577 1478 615 1531 ob
641 1491 763 1532 causam
784 1475 850 1532 fere
875 1491 1084 1548 quamcunque

162 1541 326 1598 doluerint.
361 1543 541 1616 Huiusmodi
557 1550 692 1602 tumores
709 1545 761 1600 vel
778 1549 886 1616 sponte
902 1561 957 1601 sua
969 1542 1084 1600 finiun-

161 1615 223 1679 tur,
240 1612 291 1667 vel
308 1611 374 1668 sine
390 1612 526 1686 periculo
543 1620 683 1684 manent3
701 1611 830 1698 ideoque
846 1608 923 1668 nihil
933 1613 997 1670 iliis
1009 1627 1084 1685 opus

161 1684 209 1736 est
225 1679 391 1737 medicina.
434 1688 477 1737 At
493 1681 546 1736 urbi
565 1680 663 1754 longis
690 1683 804 1738 morbis
830 1683 1011 1754 pulmonum
1034 1688 1085 1737 sut

161 1747 335 1806 abdominis
357 1750 580 1820 superveniant
605 1758 738 1808 tumores
762 1748 795 1805 iu
814 1749 974 1822 cruribus,
1000 1748 1083 1805 indi·

162 1814 208 1872 cio
230 1821 317 1888 suut,
347 1831 442 1889 grave
472 1817 594 1888 aliquod
619 1821 730 1874 malum
753 1820 879 1878 subesse
901 1819 936 1874 in
959 1825 1084 1890 pectore

161 1891 361 1956 ansverus,
389 1892 421 1941 et
444 1893 579 1943 unimores
597 1893 817 1945 assurrecturos
833 1903 903 1944 esse
920 1885 954 1942 iu
973 1887 1083 1958 justum

161 1953 354 2027 hydropem,
372 1951 423 2024 qui
441 1962 537 2012 morte
553 1959 734 2028 plerumque
750 1955 940 2012 terminatur.

229 2021 376 2094 Hydrops
400 2039 462 2079 non
486 2031 547 2079 tam
564 2026 632 2098 ipse
650 2027 771 2082 morbus
790 2031 854 2097 est,
878 2040 966 2096 quam
985 2025 1085 2082 morbi
1147 2087 1148 2094 χ

161 2088 288 2160 ancujus
305 2089 438 2162 signum,
458 2097 488 2147 et
504 2095 682 2176 plerumque
699 2094 836 2166 capitulis
842 2111 852 2165 3
871 2092 1001 2166 ideoque
1018 2109 1084 2150 sae·
1147 2147 1148 2150 ,

160 2156 286 2282 pissime
303 2157 337 2214 iit
353 2160 459 2216 mortis
475 2177 692 2230 praenuncius.
736 2163 823 2232 Aqua
848 2177 940 2234 saepe
963 2169 1087 2234 repertu

177 2225 221 2282 uit
236 2225 272 2281 in
289 2225 426 2284 thorace:
444 2229 594 2300 sedhaec,
614 2231 684 2286 dum
693 2229 784 2286 homo
798 2228 887 2302 vivit,
904 2232 990 2286 nulla
1002 2237 1086 2288 certe

161 2300 235 2350 nota
243 2333 257 2364 ,
284 2305 429 2368 quantum
446 2295 523 2366 scio,
551 2296 652 2370 detegi
670 2305 780 2369 potest.
821 2301 934 2355 Natura
951 2297 1086 2358 thoracis

160 2361 362 2446 impedituu‘o
379 2365 478 2422 miuus
497 2373 595 2421 tumor
618 2367 726 2438 aliquis
750 2372 839 2448 extra
864 2373 1031 2491 asparem
1058 2376 1088 2426 et

161 2433 1086 2586 sustinuistis,‘uid?ttttfdztuutuua:

161 2576 216 2625 tur
224 2607 255 2690 ‚b
269 2576 305 2692 u}
331 2573 451 2626 nullum
485 2569 680 2628 manufestum
711 2571 801 2646 11qu
832 2571 907 2628 mali
939 2573 1087 2632 rodinum

161 2655 183 2737 P
229 2700 513 2778 Hydropsrentris‚
531 2701 598 2761 siue
609 2705 730 2777 ascites,
749 2707 942 2780 cognoscitur
953 2715 1086 2782 tumore,

162 2779 194 2829 et
204 2787 300 2844 aquae
310 2770 485 2853 fluctuantis
496 2788 601 2846 sensu,
619 2774 673 2830 ubi
683 2781 792 2832 venter
803 2778 899 2833 altera
912 2791 1006 2835 mauu
1017 2781 1085 2862 pul·

161 2846 259 2910 sutor,
277 2841 373 2896 altera
388 2848 551 2912 premrtnrr
574 2840 654 2898 nihil
671 2843 753 2900 euim
769 2844 940 2913 huiusmodi
958 2849 1087 2904 exhibet

162 2915 216 2965 sut
237 2907 424 2980 gravidius,
448 2916 500 2964 sut
515 2908 652 2982 inflatio,
676 2920 727 2969 sut
744 2913 846 2972 viscus
863 2915 970 2970 morbo
988 2923 1085 2972 tume-

161 2975 293 3058 factum·
327 2980 428 3048 Neque
451 2984 553 3060 tpmen
576 2981 678 3037 nullus
695 2987 742 3038 est
759 2981 857 3038 errori
873 2979 958 3039 locius
975 2983 1013 3039 in
1030 2986 1087 3040 isse

162 3062 212 3102 ree
230 3044 295 3101 vids
313 3045 395 3100 esriru
412 3053 524 3117 pentus
541 3047 674 3105 medicos
691 3055 722 3105 et
733 3048 902 3122 chirurgos,
917 3048 988 3108 huic
1000 3052 1086 3126 siguo

162 3112 309 3194 confisos,
337 3113 447 3170 falsum
473 3114 512 3172 de
537 3117 663 3174 tumoris
679 3123 788 3176 ustura
805 3117 915 3175 fecisse
930 3117 1084 3188 iudicium.

117 3213 119 3218 .
161 3183 199 3236 In
217 3188 310 3239 ascite
326 3198 404 3254 aqua
421 3199 513 3253 saepe
531 3183 701 3241 continetur
716 3183 750 3240 in
763 3185 878 3254 tunica,
895 3203 986 3258 quum
999 3190 1087 3260 gin·

160 3250 237 3308 sess
259 3249 387 3308 visceris
411 3250 522 3310 vitiosi
537 3251 805 3324 suppeditavisset:
855 3254 967 3311 druria
992 3271 1086 3328 ssepe

161 3315 336 3378 fluntsedss
345 3317 498 3392 hydropis
509 3318 698 3396 inte-min
714 3322 1004 3389 etnorbusiniilis
1015 3339 1085 3399 pu·
