<?xml version="1.0" encoding="UTF-8"?>
<!DOCTYPE html PUBLIC "-//W3C//DTD XHTML 1.0 Transitional//EN"
    "http://www.w3.org/TR/xhtml1/DTD/xhtml1-transitional.dtd">
<html xmlns="http://www.w3.org/1999/xhtml" xml:lang="en" lang="en">
 <head>
  <title>
</title>
<meta http-equiv="Content-Type" content="text/html;charset=utf-8" />
  <meta name='ocr-system' content='tesseract 3.04.00' />
  <meta name='ocr-capabilities' content='ocr_page ocr_carea ocr_par ocr_line ocrx_word'/>
</head>
<body>
  <div class='ocr_page' id='page_1' title='image "./operamedica00friegoog_0128.png"; bbox 0 0 2306 3898; ppageno 0'>
   <div class='ocr_carea' id='block_1_1' title="bbox 219 283 988 389">
    <p class='ocr_par' dir='ltr' id='par_1_1' title="bbox 219 283 988 389">
     <span class='ocr_line' id='line_1_1' title="bbox 219 283 988 389; baseline -0.004 -14"><span class='ocrx_word' id='word_1_1' title='bbox 219 283 294 389; x_wconf 60' lang='lat' dir='ltr'><strong>cap.</strong></span> <span class='ocrx_word' id='word_1_2' title='bbox 315 312 495 372; x_wconf 76' lang='lat' dir='ltr'><strong>xxxrx.</strong></span> <span class='ocrx_word' id='word_1_3' title='bbox 531 312 833 385; x_wconf 65' lang='lat' dir='ltr'><strong>besurniacum.</strong></span> <span class='ocrx_word' id='word_1_4' title='bbox 937 313 988 382; x_wconf 68' lang='lat' dir='ltr'><strong>‚aa</strong></span> 
     </span>
    </p>
   </div>
   <div class='ocr_carea' id='block_1_2' title="bbox 21 465 1050 1094">
    <p class='ocr_par' dir='ltr' id='par_1_2' title="bbox 21 465 1050 1094">
     <span class='ocr_line' id='line_1_2' title="bbox 21 465 985 546; baseline -0.002 -22"><span class='ocrx_word' id='word_1_5' title='bbox 21 471 22 478; x_wconf 75' lang='grc'>’</span> <span class='ocrx_word' id='word_1_6' title='bbox 85 477 136 524; x_wconf 90' lang='lat' dir='ltr'><strong>tun</strong></span> <span class='ocrx_word' id='word_1_7' title='bbox 150 467 245 523; x_wconf 83' lang='lat' dir='ltr'><strong>adbuc</strong></span> <span class='ocrx_word' id='word_1_8' title='bbox 260 466 416 538; x_wconf 77' lang='lat' dir='ltr'>intellexi,</span> <span class='ocrx_word' id='word_1_9' title='bbox 432 467 593 538; x_wconf 83' lang='lat' dir='ltr'><strong>praecipue</strong></span> <span class='ocrx_word' id='word_1_10' title='bbox 611 465 730 546; x_wconf 81' lang='lat' dir='ltr'><strong>molesti</strong></span> <span class='ocrx_word' id='word_1_11' title='bbox 742 473 822 539; x_wconf 79' lang='lat' dir='ltr'><strong>scrut,-</strong></span> <span class='ocrx_word' id='word_1_12' title='bbox 840 465 895 542; x_wconf 76' lang='lat' dir='ltr'><strong>ubi</strong></span> <span class='ocrx_word' id='word_1_13' title='bbox 906 485 985 522; x_wconf 88' lang='lat' dir='ltr'><strong>mor·</strong></span> 
     </span>
     <span class='ocr_line' id='line_1_3' title="bbox 83 535 986 606; baseline -0.002 -14"><span class='ocrx_word' id='word_1_14' title='bbox 83 537 129 594; x_wconf 83' lang='lat' dir='ltr'><strong>bna</strong></span> <span class='ocrx_word' id='word_1_15' title='bbox 143 535 234 592; x_wconf 89' lang='lat' dir='ltr'><strong>oritur</strong></span> <span class='ocrx_word' id='word_1_16' title='bbox 251 555 293 592; x_wconf 87' lang='lat' dir='ltr'><strong>ex</strong></span> <span class='ocrx_word' id='word_1_17' title='bbox 312 539 413 593; x_wconf 88' lang='lat' dir='ltr'><strong>ulcere</strong></span> <span class='ocrx_word' id='word_1_18' title='bbox 431 541 559 592; x_wconf 83' lang='lat' dir='ltr'><strong>externo</strong></span> <span class='ocrx_word' id='word_1_19' title='bbox 582 535 644 590; x_wconf 72' lang='lat' dir='ltr'><strong>adri</strong></span> <span class='ocrx_word' id='word_1_20' title='bbox 669 541 807 606; x_wconf 84' lang='lat' dir='ltr'><strong>patente,</strong></span> <span class='ocrx_word' id='word_1_21' title='bbox 834 536 931 592; x_wconf 81' lang='lat' dir='ltr'><strong>veluti</strong></span> <span class='ocrx_word' id='word_1_22' title='bbox 953 535 986 591; x_wconf 92' lang='lat' dir='ltr'><strong>in</strong></span> 
     </span>
     <span class='ocr_line' id='line_1_4' title="bbox 83 603 987 676; baseline -0.001 -15"><span class='ocrx_word' id='word_1_23' title='bbox 83 605 270 661; x_wconf 76' lang='lat' dir='ltr'><strong>carcinomate</strong></span> <span class='ocrx_word' id='word_1_24' title='bbox 281 605 385 675; x_wconf 77' lang='lat' dir='ltr'><strong>fecici,</strong></span> <span class='ocrx_word' id='word_1_25' title='bbox 403 613 624 660; x_wconf 87' lang='lat' dir='ltr'><strong>autmammae.</strong></span> <span class='ocrx_word' id='word_1_26' title='bbox 647 605 728 660; x_wconf 89' lang='lat' dir='ltr'><strong>lllud</strong></span> <span class='ocrx_word' id='word_1_27' title='bbox 768 621 863 676; x_wconf 90' lang='lat' dir='ltr'><strong>uoque</strong></span> <span class='ocrx_word' id='word_1_28' title='bbox 880 603 911 658; x_wconf 90' lang='lat' dir='ltr'><strong>iu</strong></span> <span class='ocrx_word' id='word_1_29' title='bbox 928 605 987 662; x_wconf 89' lang='lat' dir='ltr'><strong>hae</strong></span> 
     </span>
     <span class='ocr_line' id='line_1_5' title="bbox 81 623 986 744; baseline -0.001 -14"><span class='ocrx_word' id='word_1_30' title='bbox 81 675 156 730; x_wconf 84' lang='lat' dir='ltr'><strong>febre</strong></span> <span class='ocrx_word' id='word_1_31' title='bbox 171 674 306 731; x_wconf 86' lang='lat' dir='ltr'><strong>notabile</strong></span> <span class='ocrx_word' id='word_1_32' title='bbox 323 675 494 744; x_wconf 55' lang='lat' dir='ltr'><strong>est,&#39;qnod</strong></span> <span class='ocrx_word' id='word_1_33' title='bbox 514 681 645 730; x_wconf 81' lang='lat' dir='ltr'><strong>turuores</strong></span> <span class='ocrx_word' id='word_1_34' title='bbox 663 623 816 728; x_wconf 78' lang='lat' dir='ltr'><strong>interdum</strong></span> <span class='ocrx_word' id='word_1_35' title='bbox 834 679 986 729; x_wconf 85' lang='lat' dir='ltr'><strong>momento</strong></span> 
     </span>
     <span class='ocr_line' id='line_1_6' title="bbox 82 741 988 816; baseline 0 -18"><span class='ocrx_word' id='word_1_36' title='bbox 82 743 209 816; x_wconf 79' lang='lat' dir='ltr'><strong>temporie</strong></span> <span class='ocrx_word' id='word_1_37' title='bbox 227 741 440 816; x_wconf 60' lang='lat' dir='ltr'><strong>assurgentia</strong></span> <span class='ocrx_word' id='word_1_38' title='bbox 457 743 581 798; x_wconf 80' lang='lat' dir='ltr'><strong>artubus</strong></span> <span class='ocrx_word' id='word_1_39' title='bbox 599 744 650 798; x_wconf 84' lang='lat' dir='ltr'><strong>vel</strong></span> <span class='ocrx_word' id='word_1_40' title='bbox 667 741 785 812; x_wconf 84' lang='lat' dir='ltr'><strong>reliquo</strong></span> <span class='ocrx_word' id='word_1_41' title='bbox 799 759 937 814; x_wconf 78' lang='lat' dir='ltr'><strong>corpore,</strong></span> <span class='ocrx_word' id='word_1_42' title='bbox 957 749 988 798; x_wconf 88' lang='lat' dir='ltr'><strong>et</strong></span> 
     </span>
     <span class='ocr_line' id='line_1_7' title="bbox 81 811 988 882; baseline -0.001 -16"><span class='ocrx_word' id='word_1_43' title='bbox 81 827 175 882; x_wconf 80' lang='lat' dir='ltr'><strong>paucae</strong></span> <span class='ocrx_word' id='word_1_44' title='bbox 191 815 284 868; x_wconf 78' lang='lat' dir='ltr'><strong>horas</strong></span> <span class='ocrx_word' id='word_1_45' title='bbox 300 817 438 881; x_wconf 79' lang='lat' dir='ltr'><strong>manent,</strong></span> <span class='ocrx_word' id='word_1_46' title='bbox 457 811 521 867; x_wconf 84' lang='lat' dir='ltr'><strong>aine</strong></span> <span class='ocrx_word' id='word_1_47' title='bbox 539 813 600 871; x_wconf 86' lang='lat' dir='ltr'><strong>ullu</strong></span> <span class='ocrx_word' id='word_1_48' title='bbox 617 812 668 868; x_wconf 80' lang='lat' dir='ltr'><strong>vel</strong></span> <span class='ocrx_word' id='word_1_49' title='bbox 686 813 807 882; x_wconf 81' lang='lat' dir='ltr'><strong>dolore,</strong></span> <span class='ocrx_word' id='word_1_50' title='bbox 836 812 887 868; x_wconf 78' lang='lat' dir='ltr'><strong>vel</strong></span> <span class='ocrx_word' id='word_1_51' title='bbox 904 811 988 866; x_wconf 88' lang='lat' dir='ltr'><strong>duri-</strong></span> 
     </span>
     <span class='ocr_line' id='line_1_8' title="bbox 82 879 866 954; baseline -0.003 -20"><span class='ocrx_word' id='word_1_52' title='bbox 82 880 130 954; x_wconf 88' lang='lat' dir='ltr'><strong>tie,</strong></span> <span class='ocrx_word' id='word_1_53' title='bbox 148 885 196 937; x_wconf 80' lang='lat' dir='ltr'><strong>vel</strong></span> <span class='ocrx_word' id='word_1_54' title='bbox 214 881 325 936; x_wconf 87' lang='lat' dir='ltr'><strong>coloris</strong></span> <span class='ocrx_word' id='word_1_55' title='bbox 343 879 518 935; x_wconf 82' lang='lat' dir='ltr'><strong>mutatione.</strong></span> <span class='ocrx_word' id='word_1_56' title='bbox 803 943 807 950; x_wconf 90' lang='lat'>.</span> <span class='ocrx_word' id='word_1_57' title='bbox 863 947 866 952; x_wconf 68' lang='lat'><strong>,</strong></span> 
     </span>
     <span class='ocr_line' id='line_1_9' title="bbox 103 945 1032 1078; baseline -0.002 -74"><span class='ocrx_word' id='word_1_58' title='bbox 103 947 315 1078; x_wconf 24' lang='lat' dir='ltr'><strong>¹qulnr&#39;rramodi</strong></span> <span class='ocrx_word' id='word_1_59' title='bbox 333 949 427 1005; x_wconf 81' lang='lat' dir='ltr'><strong>febris</strong></span> <span class='ocrx_word' id='word_1_60' title='bbox 444 949 513 1005; x_wconf 80' lang='lat' dir='ltr'><strong>illua</strong></span> <span class='ocrx_word' id='word_1_61' title='bbox 531 945 683 1004; x_wconf 83' lang='lat' dir='ltr'><strong>interdum</strong></span> <span class='ocrx_word' id='word_1_62' title='bbox 701 951 824 1016; x_wconf 87' lang='lat' dir='ltr'><strong>repente</strong></span> <span class='ocrx_word' id='word_1_63' title='bbox 843 947 986 1018; x_wconf 79' lang='lat' dir='ltr'><strong>etgravi·</strong></span> <span class='ocrx_word' id='word_1_64' title='bbox 1030 1003 1032 1008; x_wconf 80' lang='grc'><em>,</em></span> 
     </span>
     <span class='ocr_line' id='line_1_10' title="bbox 82 1012 1050 1094; baseline 0.003 -24"><span class='ocrx_word' id='word_1_65' title='bbox 82 1017 269 1094; x_wconf 40' lang='grc' dir='ltr'><strong>ῐο,,οοοἰψεῐ,</strong></span> <span class='ocrx_word' id='word_1_66' title='bbox 288 1035 415 1088; x_wconf 79' lang='lat' dir='ltr'><strong>qcrornm</strong></span> <span class='ocrx_word' id='word_1_67' title='bbox 431 1019 574 1074; x_wconf 79' lang='lat' dir='ltr'><strong>valetudo</strong></span> <span class='ocrx_word' id='word_1_68' title='bbox 592 1023 682 1070; x_wconf 86' lang='lat' dir='ltr'><strong>antea</strong></span> <span class='ocrx_word' id='word_1_69' title='bbox 699 1012 773 1070; x_wconf 81' lang='lat' dir='ltr'><strong>satie</strong></span> <span class='ocrx_word' id='word_1_70' title='bbox 792 1014 891 1071; x_wconf 87' lang='lat' dir='ltr'><strong>fuerat</strong></span> <span class='ocrx_word' id='word_1_71' title='bbox 909 1033 988 1073; x_wconf 85' lang='lat' dir='ltr'><strong>cem·</strong></span> <span class='ocrx_word' id='word_1_72' title='bbox 1046 1053 1050 1062; x_wconf 56' lang='grc' dir='ltr'><em>ι</em></span> 
     </span>
    </p>
   </div>
   <div class='ocr_carea' id='block_1_3' title="bbox 81 1081 1096 1168">
    <p class='ocr_par' dir='ltr' id='par_1_3' title="bbox 81 1081 1096 1168">
     <span class='ocr_line' id='line_1_11' title="bbox 81 1081 1096 1168; baseline 0 -27"><span class='ocrx_word' id='word_1_73' title='bbox 81 1085 172 1168; x_wconf 77' lang='lat' dir='ltr'><strong>poiia3</strong></span> <span class='ocrx_word' id='word_1_74' title='bbox 201 1094 348 1168; x_wconf 71' lang='lat' dir='ltr'><strong>urgetque</strong></span> <span class='ocrx_word' id='word_1_75' title='bbox 366 1086 497 1160; x_wconf 87' lang='lat' dir='ltr'><strong>perinde</strong></span> <span class='ocrx_word' id='word_1_76' title='bbox 509 1102 550 1144; x_wconf 73' lang='lat' dir='ltr'><strong>‚ac</strong></span> <span class='ocrx_word' id='word_1_77' title='bbox 568 1085 734 1142; x_wconf 75' lang='lat' dir='ltr'><strong>uehemens</strong></span> <span class='ocrx_word' id='word_1_78' title='bbox 752 1083 848 1141; x_wconf 78' lang='lat' dir='ltr'><strong>febris</strong></span> <span class='ocrx_word' id='word_1_79' title='bbox 865 1092 929 1140; x_wconf 89' lang='lat' dir='ltr'><strong>orta</strong></span> <span class='ocrx_word' id='word_1_80' title='bbox 948 1089 989 1141; x_wconf 83' lang='lat' dir='ltr'><strong>ex</strong></span> <span class='ocrx_word' id='word_1_81' title='bbox 1088 1081 1096 1101; x_wconf 89' lang='lat'><strong><em>‘</em></strong></span> 
     </span>
    </p>
   </div>
   <div class='ocr_carea' id='block_1_4' title="bbox 71 1151 1045 3352">
    <p class='ocr_par' dir='ltr' id='par_1_4' title="bbox 73 1151 1013 2927">
     <span class='ocr_line' id='line_1_12' title="bbox 79 1151 988 1236; baseline -0.002 -26"><span class='ocrx_word' id='word_1_82' title='bbox 79 1155 311 1211; x_wconf 80' lang='lat' dir='ltr'><strong>ulammauono·</strong></span> <span class='ocrx_word' id='word_1_83' title='bbox 336 1156 489 1225; x_wconf 82' lang='lat' dir='ltr'><strong>vitamque</strong></span> <span class='ocrx_word' id='word_1_84' title='bbox 507 1153 592 1226; x_wconf 81' lang='lat' dir='ltr'><strong>aegri</strong></span> <span class='ocrx_word' id='word_1_85' title='bbox 609 1151 642 1210; x_wconf 91' lang='lat' dir='ltr'><strong>in</strong></span> <span class='ocrx_word' id='word_1_86' title='bbox 658 1151 864 1236; x_wconf 78' lang='lat' dir='ltr'><strong>propinquum</strong></span> <span class='ocrx_word' id='word_1_87' title='bbox 881 1153 988 1211; x_wconf 83' lang='lat' dir='ltr'><strong>diacri-</strong></span> 
     </span>
     <span class='ocr_line' id='line_1_13' title="bbox 80 1197 988 1296; baseline 0.003 -19"><span class='ocrx_word' id='word_1_88' title='bbox 80 1238 136 1296; x_wconf 82' lang='lat' dir='ltr'><strong>nen</strong></span> <span class='ocrx_word' id='word_1_89' title='bbox 150 1223 238 1282; x_wconf 75' lang='lat' dir='ltr'><strong>brevi</strong></span> <span class='ocrx_word' id='word_1_90' title='bbox 256 1197 385 1281; x_wconf 86' lang='lat' dir='ltr'><strong>adducit.</strong></span> <span class='ocrx_word' id='word_1_91' title='bbox 428 1221 596 1294; x_wconf 79' lang='lat' dir='ltr'><strong>interjectis</strong></span> <span class='ocrx_word' id='word_1_92' title='bbox 619 1223 728 1278; x_wconf 85' lang='lat' dir='ltr'><strong>derude</strong></span> <span class='ocrx_word' id='word_1_93' title='bbox 755 1223 857 1294; x_wconf 81' lang='lat' dir='ltr'><strong>paucis</strong></span> <span class='ocrx_word' id='word_1_94' title='bbox 881 1221 988 1280; x_wconf 75' lang='lat' dir='ltr'><strong>dicbus</strong></span> 
     </span>
     <span class='ocr_line' id='line_1_14' title="bbox 81 1289 988 1414; baseline 0.003 -71"><span class='ocrx_word' id='word_1_95' title='bbox 81 1290 205 1358; x_wconf 85' lang='lat' dir='ltr'><strong>remittit,</strong></span> <span class='ocrx_word' id='word_1_96' title='bbox 229 1300 260 1348; x_wconf 83' lang='lat' dir='ltr'><strong>et</strong></span> <span class='ocrx_word' id='word_1_97' title='bbox 282 1307 352 1365; x_wconf 77' lang='lat' dir='ltr'><strong>apes</strong></span> <span class='ocrx_word' id='word_1_98' title='bbox 370 1293 523 1350; x_wconf 74' lang='lat' dir='ltr'><strong>rediturae</strong></span> <span class='ocrx_word' id='word_1_99' title='bbox 542 1291 680 1350; x_wconf 76' lang='lat' dir='ltr'><strong>sanitatis</strong></span> <span class='ocrx_word' id='word_1_100' title='bbox 699 1289 858 1414; x_wconf 47' lang='grc' dir='ltr'><strong>ειίὶῆιᾞεῑ.Ι</strong></span> <span class='ocrx_word' id='word_1_101' title='bbox 880 1295 988 1368; x_wconf 84' lang='lat' dir='ltr'><strong>Quam·</strong></span> 
     </span>
     <span class='ocr_line' id='line_1_15' title="bbox 80 1360 988 1440; baseline 0.003 -27"><span class='ocrx_word' id='word_1_102' title='bbox 80 1377 156 1428; x_wconf 86' lang='lat' dir='ltr'><strong>quum</strong></span> <span class='ocrx_word' id='word_1_103' title='bbox 181 1368 287 1417; x_wconf 86' lang='lat' dir='ltr'><strong>autem</strong></span> <span class='ocrx_word' id='word_1_104' title='bbox 311 1365 458 1418; x_wconf 84' lang='lat' dir='ltr'><strong>tumultus</strong></span> <span class='ocrx_word' id='word_1_105' title='bbox 486 1360 692 1432; x_wconf 75' lang='lat' dir='ltr'><strong>conquieverit</strong></span> <span class='ocrx_word' id='word_1_106' title='bbox 717 1368 747 1417; x_wconf 90' lang='lat' dir='ltr'><strong>et</strong></span> <span class='ocrx_word' id='word_1_107' title='bbox 793 1363 889 1440; x_wconf 50' lang='lat' dir='ltr'><strong>ebila·</strong></span> <span class='ocrx_word' id='word_1_108' title='bbox 908 1361 988 1416; x_wconf 87' lang='lat' dir='ltr'><strong>haud</strong></span> 
     </span>
     <span class='ocr_line' id='line_1_16' title="bbox 80 1427 988 1502; baseline 0.003 -19"><span class='ocrx_word' id='word_1_109' title='bbox 80 1431 162 1484; x_wconf 83' lang='lat' dir='ltr'><strong>multa</strong></span> <span class='ocrx_word' id='word_1_110' title='bbox 180 1430 375 1502; x_wconf 76' lang='lat' dir='ltr'><strong>remanserit,</strong></span> <span class='ocrx_word' id='word_1_111' title='bbox 390 1429 492 1486; x_wconf 84' lang='lat' dir='ltr'><strong>morbi</strong></span> <span class='ocrx_word' id='word_1_112' title='bbox 509 1439 612 1486; x_wconf 89' lang='lat' dir='ltr'><strong>tamen</strong></span> <span class='ocrx_word' id='word_1_113' title='bbox 630 1427 786 1500; x_wconf 83' lang='lat' dir='ltr'><strong>reliquiae,</strong></span> <span class='ocrx_word' id='word_1_114' title='bbox 805 1446 891 1502; x_wconf 79' lang='lat' dir='ltr'><strong>gravi</strong></span> <span class='ocrx_word' id='word_1_115' title='bbox 907 1429 988 1486; x_wconf 82' lang='lat' dir='ltr'><strong>intua</strong></span> 
     </span>
     <span class='ocr_line' id='line_1_17' title="bbox 80 1496 988 1578; baseline 0.001 -26"><span class='ocrx_word' id='word_1_116' title='bbox 80 1499 254 1574; x_wconf 56' lang='lat' dir='ltr'><strong>arripiatonte</strong></span> <span class='ocrx_word' id='word_1_117' title='bbox 270 1501 366 1568; x_wconf 86' lang='lat' dir='ltr'><strong>malo,</strong></span> <span class='ocrx_word' id='word_1_118' title='bbox 393 1501 476 1554; x_wconf 87' lang='lat' dir='ltr'><strong>nulla</strong></span> <span class='ocrx_word' id='word_1_119' title='bbox 494 1506 561 1555; x_wconf 85' lang='lat' dir='ltr'><strong>arte</strong></span> <span class='ocrx_word' id='word_1_120' title='bbox 579 1496 806 1568; x_wconf 73' lang='lat' dir='ltr'><strong>expugnabiles</strong></span> <span class='ocrx_word' id='word_1_121' title='bbox 824 1505 914 1578; x_wconf 74' lang='lat' dir='ltr'><strong>sunt,</strong></span> <span class='ocrx_word' id='word_1_122' title='bbox 937 1497 988 1553; x_wconf 92' lang='lat' dir='ltr'><strong>do·</strong></span> 
     </span>
     <span class='ocr_line' id='line_1_18' title="bbox 80 1566 988 1640; baseline 0.002 -22"><span class='ocrx_word' id='word_1_123' title='bbox 80 1583 124 1620; x_wconf 88' lang='lat' dir='ltr'><strong>nco</strong></span> <span class='ocrx_word' id='word_1_124' title='bbox 144 1567 291 1640; x_wconf 87' lang='lat' dir='ltr'><strong>paulatim</strong></span> <span class='ocrx_word' id='word_1_125' title='bbox 316 1567 521 1624; x_wconf 78' lang='lat' dir='ltr'><strong>valetudinem</strong></span> <span class='ocrx_word' id='word_1_126' title='bbox 546 1573 742 1635; x_wconf 77' lang='lat' dir='ltr'><strong>corrumpant</strong></span> <span class='ocrx_word' id='word_1_127' title='bbox 768 1574 858 1636; x_wconf 85' lang='lat' dir='ltr'><strong>atque</strong></span> <span class='ocrx_word' id='word_1_128' title='bbox 881 1566 988 1622; x_wconf 82' lang='lat' dir='ltr'><strong>interi·</strong></span> 
     </span>
     <span class='ocr_line' id='line_1_19' title="bbox 79 1629 988 1707; baseline 0.003 -19"><span class='ocrx_word' id='word_1_129' title='bbox 79 1644 159 1692; x_wconf 87' lang='lat' dir='ltr'><strong>mant.</strong></span> <span class='ocrx_word' id='word_1_130' title='bbox 195 1635 424 1695; x_wconf 84' lang='lat' dir='ltr'><strong>Verum’rarins</strong></span> <span class='ocrx_word' id='word_1_131' title='bbox 440 1635 492 1707; x_wconf 91' lang='lat' dir='ltr'><strong>fit,</strong></span> <span class='ocrx_word' id='word_1_132' title='bbox 518 1642 551 1692; x_wconf 89' lang='lat' dir='ltr'><strong>ut</strong></span> <span class='ocrx_word' id='word_1_133' title='bbox 569 1637 607 1690; x_wconf 82' lang='lat' dir='ltr'><strong>ad</strong></span> <span class='ocrx_word' id='word_1_134' title='bbox 624 1637 748 1702; x_wconf 81' lang='lat' dir='ltr'><strong>modum</strong></span> <span class='ocrx_word' id='word_1_135' title='bbox 762 1629 847 1690; x_wconf 89' lang='lat' dir='ltr'><strong>hunc</strong></span> <span class='ocrx_word' id='word_1_136' title='bbox 864 1635 988 1691; x_wconf 77' lang='lat' dir='ltr'><strong>morbus</strong></span> 
     </span>
     <span class='ocr_line' id='line_1_20' title="bbox 79 1701 987 1776; baseline 0.002 -21"><span class='ocrx_word' id='word_1_137' title='bbox 79 1701 208 1776; x_wconf 77' lang='lat' dir='ltr'><strong>incipiat3</strong></span> <span class='ocrx_word' id='word_1_138' title='bbox 236 1708 332 1760; x_wconf 90' lang='lat' dir='ltr'><strong>multo</strong></span> <span class='ocrx_word' id='word_1_139' title='bbox 356 1722 407 1761; x_wconf 85' lang='lat' dir='ltr'><strong>sae</strong></span> <span class='ocrx_word' id='word_1_140' title='bbox 430 1705 476 1760; x_wconf 81' lang='lat' dir='ltr'><strong>iun</strong></span> <span class='ocrx_word' id='word_1_141' title='bbox 503 1705 587 1760; x_wconf 81' lang='lat' dir='ltr'><strong>vires</strong></span> <span class='ocrx_word' id='word_1_142' title='bbox 609 1720 683 1760; x_wconf 76' lang='lat' dir='ltr'><strong>erras</strong></span> <span class='ocrx_word' id='word_1_143' title='bbox 699 1703 786 1760; x_wconf 87' lang='lat' dir='ltr'><strong>initio</strong></span> <span class='ocrx_word' id='word_1_144' title='bbox 805 1701 987 1775; x_wconf 76' lang='lat' dir='ltr'><strong>dissimulet3</strong></span> 
     </span>
     <span class='ocr_line' id='line_1_21' title="bbox 82 1725 989 1854; baseline 0.004 -31"><span class='ocrx_word' id='word_1_145' title='bbox 82 1778 154 1854; x_wconf 79' lang='lat' dir='ltr'><strong>atque</strong></span> <span class='ocrx_word' id='word_1_146' title='bbox 170 1777 249 1829; x_wconf 87' lang='lat' dir='ltr'><strong>adeo</strong></span> <span class='ocrx_word' id='word_1_147' title='bbox 267 1775 352 1829; x_wconf 82' lang='lat' dir='ltr'><strong>tarde</strong></span> <span class='ocrx_word' id='word_1_148' title='bbox 367 1725 522 1844; x_wconf 68' lang='lat' dir='ltr'><strong>arrdrepit,</strong></span> <span class='ocrx_word' id='word_1_149' title='bbox 540 1781 572 1829; x_wconf 94' lang='lat' dir='ltr'><strong>ut</strong></span> <span class='ocrx_word' id='word_1_150' title='bbox 584 1790 664 1844; x_wconf 73' lang='lat' dir='ltr'><strong>uaros</strong></span> <span class='ocrx_word' id='word_1_151' title='bbox 677 1769 841 1843; x_wconf 84' lang='lat' dir='ltr'><strong>arripuerit</strong></span> <span class='ocrx_word' id='word_1_152' title='bbox 852 1773 989 1830; x_wconf 82' lang='lat' dir='ltr'><strong>sentiant</strong></span> 
     </span>
     <span class='ocr_line' id='line_1_22' title="bbox 82 1843 988 1912; baseline -0.001 -16"><span class='ocrx_word' id='word_1_153' title='bbox 82 1843 186 1909; x_wconf 75' lang='lat' dir='ltr'><strong>qudem</strong></span> <span class='ocrx_word' id='word_1_154' title='bbox 205 1859 241 1900; x_wconf 82' lang='lat' dir='ltr'><strong>se</strong></span> <span class='ocrx_word' id='word_1_155' title='bbox 259 1843 338 1897; x_wconf 87' lang='lat' dir='ltr'><strong>houd</strong></span> <span class='ocrx_word' id='word_1_156' title='bbox 356 1843 479 1898; x_wconf 85' lang='lat' dir='ltr'><strong>omnino</strong></span> <span class='ocrx_word' id='word_1_157' title='bbox 497 1850 578 1900; x_wconf 88' lang='lat' dir='ltr'><strong>recte</strong></span> <span class='ocrx_word' id='word_1_158' title='bbox 597 1844 713 1912; x_wconf 78' lang='lat' dir='ltr'><strong>valere,</strong></span> <span class='ocrx_word' id='word_1_159' title='bbox 729 1849 826 1896; x_wconf 85' lang='lat' dir='ltr'><strong>tamen</strong></span> <span class='ocrx_word' id='word_1_160' title='bbox 845 1843 883 1898; x_wconf 90' lang='lat' dir='ltr'><strong>ad</strong></span> <span class='ocrx_word' id='word_1_161' title='bbox 902 1859 988 1898; x_wconf 88' lang='lat' dir='ltr'><strong>men-</strong></span> 
     </span>
     <span class='ocr_line' id='line_1_23' title="bbox 79 1909 988 2035; baseline 0.004 -73"><span class='ocrx_word' id='word_1_162' title='bbox 79 1923 116 1965; x_wconf 82' lang='lat' dir='ltr'><strong>tea</strong></span> <span class='ocrx_word' id='word_1_163' title='bbox 132 1909 247 1983; x_wconf 80' lang='lat' dir='ltr'><strong>aliquot</strong></span> <span class='ocrx_word' id='word_1_164' title='bbox 265 1911 321 1966; x_wconf 81' lang='lat' dir='ltr'><strong>vix</strong></span> <span class='ocrx_word' id='word_1_165' title='bbox 339 1911 531 1984; x_wconf 71' lang='lat' dir='ltr'><strong>auspicentur</strong></span> <span class='ocrx_word' id='word_1_166' title='bbox 547 1927 673 2035; x_wconf 51' lang='lat' dir='ltr'><strong>frarem</strong></span> <span class='ocrx_word' id='word_1_167' title='bbox 690 1911 830 1966; x_wconf 85' lang='lat' dir='ltr'><strong>morbum</strong></span> <span class='ocrx_word' id='word_1_168' title='bbox 845 1911 988 1984; x_wconf 81' lang='lat' dir='ltr'><strong>subessc3</strong></span> 
     </span>
     <span class='ocr_line' id='line_1_24' title="bbox 79 1977 988 2052; baseline 0.007 -22"><span class='ocrx_word' id='word_1_169' title='bbox 79 1983 101 2030; x_wconf 88' lang='lat' dir='ltr'><strong>et</strong></span> <span class='ocrx_word' id='word_1_170' title='bbox 115 1978 188 2034; x_wconf 88' lang='lat' dir='ltr'><strong>nihil</strong></span> <span class='ocrx_word' id='word_1_171' title='bbox 205 1979 274 2034; x_wconf 82' lang='lat' dir='ltr'><strong>fere</strong></span> <span class='ocrx_word' id='word_1_172' title='bbox 284 1987 457 2050; x_wconf 63' lang='lat' dir='ltr'><strong>urerentur</strong></span> <span class='ocrx_word' id='word_1_173' title='bbox 473 1997 547 2051; x_wconf 88' lang='lat' dir='ltr'><strong>prae</strong></span> <span class='ocrx_word' id='word_1_174' title='bbox 563 1997 596 2036; x_wconf 85' lang='lat' dir='ltr'><strong>er</strong></span> <span class='ocrx_word' id='word_1_175' title='bbox 613 1977 826 2038; x_wconf 71' lang='lat' dir='ltr'><strong>lassitudinem</strong></span> <span class='ocrx_word' id='word_1_176' title='bbox 843 1977 988 2052; x_wconf 81' lang='lat' dir='ltr'><strong>aliquam,</strong></span> 
     </span>
     <span class='ocr_line' id='line_1_25' title="bbox 78 2047 988 2128; baseline 0.008 -30"><span class='ocrx_word' id='word_1_177' title='bbox 78 2053 102 2100; x_wconf 89' lang='lat' dir='ltr'><strong>et</strong></span> <span class='ocrx_word' id='word_1_178' title='bbox 112 2047 168 2103; x_wconf 90' lang='lat' dir='ltr'><strong>cibi</strong></span> <span class='ocrx_word' id='word_1_179' title='bbox 182 2048 381 2120; x_wconf 84' lang='lat' dir='ltr'><strong>cupiditatem</strong></span> <span class='ocrx_word' id='word_1_180' title='bbox 392 2051 535 2120; x_wconf 73' lang='lat' dir='ltr'><strong>viresque</strong></span> <span class='ocrx_word' id='word_1_181' title='bbox 548 2048 733 2119; x_wconf 84' lang='lat' dir='ltr'><strong>aliquantum</strong></span> <span class='ocrx_word' id='word_1_182' title='bbox 744 2048 884 2128; x_wconf 66' lang='lat' dir='ltr'><strong>minutus.</strong></span> <span class='ocrx_word' id='word_1_183' title='bbox 907 2051 988 2126; x_wconf 82' lang='lat' dir='ltr'><strong>Quae</strong></span> 
     </span>
     <span class='ocr_line' id='line_1_26' title="bbox 77 2117 989 2190; baseline 0.008 -22"><span class='ocrx_word' id='word_1_184' title='bbox 77 2131 246 2188; x_wconf 85' lang='lat' dir='ltr'><strong>quamquam</strong></span> <span class='ocrx_word' id='word_1_185' title='bbox 268 2118 350 2173; x_wconf 88' lang='lat' dir='ltr'><strong>haud</strong></span> <span class='ocrx_word' id='word_1_186' title='bbox 376 2117 481 2190; x_wconf 80' lang='lat' dir='ltr'><strong>magni</strong></span> <span class='ocrx_word' id='word_1_187' title='bbox 508 2117 656 2174; x_wconf 78' lang='lat' dir='ltr'><strong>interesse</strong></span> <span class='ocrx_word' id='word_1_188' title='bbox 681 2117 860 2189; x_wconf 84' lang='lat' dir='ltr'><strong>videantur,</strong></span> <span class='ocrx_word' id='word_1_189' title='bbox 887 2124 989 2174; x_wconf 85' lang='lat' dir='ltr'><strong>tamen</strong></span> 
     </span>
     <span class='ocr_line' id='line_1_27' title="bbox 76 2183 987 2246; baseline 0.007 -10"><span class='ocrx_word' id='word_1_190' title='bbox 76 2183 120 2238; x_wconf 91' lang='lat' dir='ltr'><strong>ubi</strong></span> <span class='ocrx_word' id='word_1_191' title='bbox 147 2192 248 2242; x_wconf 84' lang='lat' dir='ltr'><strong>mutua</strong></span> <span class='ocrx_word' id='word_1_192' title='bbox 274 2186 452 2242; x_wconf 87' lang='lat' dir='ltr'><strong>arteriarum</strong></span> <span class='ocrx_word' id='word_1_193' title='bbox 476 2185 566 2242; x_wconf 76' lang='lat' dir='ltr'><strong>simul</strong></span> <span class='ocrx_word' id='word_1_194' title='bbox 591 2187 632 2242; x_wconf 82' lang='lat' dir='ltr'><strong>ait</strong></span> <span class='ocrx_word' id='word_1_195' title='bbox 649 2184 776 2243; x_wconf 88' lang='lat' dir='ltr'><strong>dimidio</strong></span> <span class='ocrx_word' id='word_1_196' title='bbox 795 2185 921 2242; x_wconf 88' lang='lat' dir='ltr'><strong>celerior</strong></span> <span class='ocrx_word' id='word_1_197' title='bbox 938 2203 987 2246; x_wconf 82' lang='lat' dir='ltr'><strong>ao·</strong></span> 
     </span>
     <span class='ocr_line' id='line_1_28' title="bbox 75 2251 988 2332; baseline 0.008 -27"><span class='ocrx_word' id='word_1_198' title='bbox 75 2251 136 2332; x_wconf 75' lang='lat' dir='ltr'><strong>lito,</strong></span> <span class='ocrx_word' id='word_1_199' title='bbox 160 2253 298 2310; x_wconf 84' lang='lat' dir='ltr'><strong>medicus</strong></span> <span class='ocrx_word' id='word_1_200' title='bbox 323 2254 470 2314; x_wconf 82' lang='lat' dir='ltr'><strong>aollicitua</strong></span> <span class='ocrx_word' id='word_1_201' title='bbox 493 2272 561 2311; x_wconf 76' lang='lat' dir='ltr'><strong>ease</strong></span> <span class='ocrx_word' id='word_1_202' title='bbox 579 2257 670 2312; x_wconf 86' lang='lat' dir='ltr'><strong>debet</strong></span> <span class='ocrx_word' id='word_1_203' title='bbox 688 2257 729 2329; x_wconf 79' lang='lat' dir='ltr'><strong>de¹</strong></span> <span class='ocrx_word' id='word_1_204' title='bbox 745 2253 829 2312; x_wconf 82' lang='lat' dir='ltr'><strong>exitu</strong></span> <span class='ocrx_word' id='word_1_205' title='bbox 851 2264 988 2330; x_wconf 81' lang='lat' dir='ltr'><strong>aegrota·</strong></span> 
     </span>
     <span class='ocr_line' id='line_1_29' title="bbox 76 2320 988 2396; baseline 0.008 -21"><span class='ocrx_word' id='word_1_206' title='bbox 76 2323 169 2378; x_wconf 79' lang='lat' dir='ltr'><strong>bunia.</strong></span> <span class='ocrx_word' id='word_1_207' title='bbox 205 2323 299 2378; x_wconf 87' lang='lat' dir='ltr'><strong>Pauci</strong></span> <span class='ocrx_word' id='word_1_208' title='bbox 317 2323 431 2380; x_wconf 88' lang='lat' dir='ltr'><strong>etenim</strong></span> <span class='ocrx_word' id='word_1_209' title='bbox 449 2320 547 2379; x_wconf 89' lang='lat' dir='ltr'><strong>morbi</strong></span> <span class='ocrx_word' id='word_1_210' title='bbox 562 2331 645 2396; x_wconf 51' lang='lat' dir='ltr'><strong>¹scint,</strong></span> <span class='ocrx_word' id='word_1_211' title='bbox 661 2323 695 2378; x_wconf 91' lang='lat' dir='ltr'><strong>in</strong></span> <span class='ocrx_word' id='word_1_212' title='bbox 709 2321 818 2394; x_wconf 83' lang='lat' dir='ltr'><strong>quibus</strong></span> <span class='ocrx_word' id='word_1_213' title='bbox 830 2327 918 2395; x_wconf 87' lang='lat' dir='ltr'><strong>plura</strong></span> <span class='ocrx_word' id='word_1_214' title='bbox 930 2342 988 2383; x_wconf 76' lang='lat' dir='ltr'><strong>noa</strong></span> 
     </span>
     <span class='ocr_line' id='line_1_30' title="bbox 75 2390 987 2472; baseline 0.007 -28"><span class='ocrx_word' id='word_1_215' title='bbox 75 2390 153 2472; x_wconf 75' lang='lat' dir='ltr'><strong>docet</strong></span> <span class='ocrx_word' id='word_1_216' title='bbox 168 2391 348 2448; x_wconf 79' lang='lat' dir='ltr'><strong>arteriarum</strong></span> <span class='ocrx_word' id='word_1_217' title='bbox 365 2403 475 2448; x_wconf 78' lang='lat' dir='ltr'><strong>motus.</strong></span> <span class='ocrx_word' id='word_1_218' title='bbox 519 2393 581 2448; x_wconf 88' lang='lat' dir='ltr'><strong>Sed</strong></span> <span class='ocrx_word' id='word_1_219' title='bbox 599 2390 635 2448; x_wconf 82' lang='lat' dir='ltr'><strong>&#39;iu</strong></span> <span class='ocrx_word' id='word_1_220' title='bbox 658 2392 715 2447; x_wconf 91' lang='lat' dir='ltr'><strong>hoc</strong></span> <span class='ocrx_word' id='word_1_221' title='bbox 733 2409 852 2463; x_wconf 81' lang='lat' dir='ltr'><strong>quoque</strong></span> <span class='ocrx_word' id='word_1_222' title='bbox 870 2393 922 2465; x_wconf 88' lang='lat' dir='ltr'><strong>qui</strong></span> <span class='ocrx_word' id='word_1_223' title='bbox 940 2395 987 2450; x_wconf 90' lang='lat' dir='ltr'><strong>ni-</strong></span> 
     </span>
     <span class='ocr_line' id='line_1_31' title="bbox 74 2459 988 2528; baseline 0.007 -15"><span class='ocrx_word' id='word_1_224' title='bbox 74 2473 124 2514; x_wconf 87' lang='lat' dir='ltr'><strong>mu</strong></span> <span class='ocrx_word' id='word_1_225' title='bbox 145 2477 254 2518; x_wconf 75' lang='lat' dir='ltr'><strong>secure</strong></span> <span class='ocrx_word' id='word_1_226' title='bbox 276 2459 341 2517; x_wconf 83' lang='lat' dir='ltr'><strong>illia</strong></span> <span class='ocrx_word' id='word_1_227' title='bbox 363 2460 515 2528; x_wconf 84' lang='lat' dir='ltr'><strong>conlidit,¹</strong></span> <span class='ocrx_word' id='word_1_228' title='bbox 528 2475 586 2518; x_wconf 85' lang='lat' dir='ltr'><strong>nae</strong></span> <span class='ocrx_word' id='word_1_229' title='bbox 607 2459 661 2516; x_wconf 86' lang='lat' dir='ltr'><strong>ille</strong></span> <span class='ocrx_word' id='word_1_230' title='bbox 684 2459 888 2516; x_wconf 85' lang='lat' dir='ltr'><strong>aeinterdnm</strong></span> <span class='ocrx_word' id='word_1_231' title='bbox 903 2463 988 2519; x_wconf 90' lang='lat' dir='ltr'><strong>haud</strong></span> 
     </span>
     <span class='ocr_line' id='line_1_32' title="bbox 75 2527 987 2599; baseline 0.007 -19"><span class='ocrx_word' id='word_1_232' title='bbox 75 2528 259 2585; x_wconf 89' lang='lat' dir='ltr'><strong>mediocriter</strong></span> <span class='ocrx_word' id='word_1_233' title='bbox 275 2527 569 2589; x_wconf 74' lang='lat' dir='ltr'><strong>delusumaentiet.·</strong></span> <span class='ocrx_word' id='word_1_234' title='bbox 586 2528 646 2584; x_wconf 85' lang='lat' dir='ltr'><strong>Uni</strong></span> <span class='ocrx_word' id='word_1_235' title='bbox 664 2546 706 2584; x_wconf 90' lang='lat' dir='ltr'><strong>ex</strong></span> <span class='ocrx_word' id='word_1_236' title='bbox 724 2527 846 2599; x_wconf 77' lang='lat' dir='ltr'><strong>viginti,</strong></span> <span class='ocrx_word' id='word_1_237' title='bbox 867 2537 899 2584; x_wconf 92' lang='lat' dir='ltr'><strong>ut</strong></span> <span class='ocrx_word' id='word_1_238' title='bbox 917 2549 987 2586; x_wconf 91' lang='lat' dir='ltr'><strong>con·</strong></span> 
     </span>
     <span class='ocr_line' id='line_1_33' title="bbox 73 2591 986 2669; baseline 0.007 -21"><span class='ocrx_word' id='word_1_239' title='bbox 73 2591 155 2669; x_wconf 76' lang='lat' dir='ltr'><strong>jicio,</strong></span> <span class='ocrx_word' id='word_1_240' title='bbox 178 2598 253 2654; x_wconf 90' lang='lat' dir='ltr'><strong>licet</strong></span> <span class='ocrx_word' id='word_1_241' title='bbox 269 2597 370 2652; x_wconf 90' lang='lat' dir='ltr'><strong>omnia</strong></span> <span class='ocrx_word' id='word_1_242' title='bbox 387 2596 571 2654; x_wconf 83' lang='lat' dir='ltr'><strong>insanabilis</strong></span> <span class='ocrx_word' id='word_1_243' title='bbox 589 2595 663 2652; x_wconf 88' lang='lat' dir='ltr'><strong>mali</strong></span> <span class='ocrx_word' id='word_1_244' title='bbox 680 2597 768 2668; x_wconf 80' lang='lat' dir='ltr'><strong>aigne</strong></span> <span class='ocrx_word' id='word_1_245' title='bbox 786 2594 865 2665; x_wconf 75' lang='lat' dir='ltr'><strong>tint,</strong></span> <span class='ocrx_word' id='word_1_246' title='bbox 892 2605 923 2654; x_wconf 92' lang='lat' dir='ltr'><strong>et</strong></span> <span class='ocrx_word' id='word_1_247' title='bbox 939 2599 986 2654; x_wconf 82' lang='lat' dir='ltr'><strong>vi·</strong></span> 
     </span>
     <span class='ocr_line' id='line_1_34' title="bbox 74 2665 986 2736; baseline 0.008 -19"><span class='ocrx_word' id='word_1_248' title='bbox 74 2678 148 2720; x_wconf 72' lang='lat' dir='ltr'><strong>reae</strong></span> <span class='ocrx_word' id='word_1_249' title='bbox 186 2683 225 2722; x_wconf 90' lang='lat' dir='ltr'><strong>ne</strong></span> <span class='ocrx_word' id='word_1_250' title='bbox 241 2667 383 2721; x_wconf 84' lang='lat' dir='ltr'><strong>valetudo</strong></span> <span class='ocrx_word' id='word_1_251' title='bbox 400 2666 498 2721; x_wconf 80' lang='lat' dir='ltr'><strong>indies</strong></span> <span class='ocrx_word' id='word_1_252' title='bbox 522 2673 754 2736; x_wconf 75' lang='lat' dir='ltr'><strong>consumantur,</strong></span> <span class='ocrx_word' id='word_1_253' title='bbox 780 2665 911 2722; x_wconf 84' lang='lat' dir='ltr'><strong>arteriae</strong></span> <span class='ocrx_word' id='word_1_254' title='bbox 935 2684 986 2724; x_wconf 78' lang='lat' dir='ltr'><strong>ue·</strong></span> 
     </span>
     <span class='ocr_line' id='line_1_35' title="bbox 74 2733 1013 2817; baseline 0.006 -30"><span class='ocrx_word' id='word_1_255' title='bbox 74 2747 157 2802; x_wconf 77' lang='lat' dir='ltr'><strong>quea</strong></span> <span class='ocrx_word' id='word_1_256' title='bbox 197 2734 307 2791; x_wconf 80' lang='lat' dir='ltr'><strong>mortis</strong></span> <span class='ocrx_word' id='word_1_257' title='bbox 323 2736 432 2790; x_wconf 86' lang='lat' dir='ltr'><strong>boram</strong></span> <span class='ocrx_word' id='word_1_258' title='bbox 449 2751 549 2806; x_wconf 79' lang='lat' dir='ltr'><strong>neque</strong></span> <span class='ocrx_word' id='word_1_259' title='bbox 567 2733 717 2805; x_wconf 88' lang='lat' dir='ltr'><strong>celeriter,</strong></span> <span class='ocrx_word' id='word_1_260' title='bbox 737 2751 793 2790; x_wconf 88' lang='lat' dir='ltr'><strong>nec</strong></span> <span class='ocrx_word' id='word_1_261' title='bbox 810 2753 986 2817; x_wconf 79' lang='lat' dir='ltr'><strong>quocunque</strong></span> <span class='ocrx_word' id='word_1_262' title='bbox 1011 2804 1013 2810; x_wconf 28' lang='grc' dir='ltr'>Ι</span> 
     </span>
     <span class='ocr_line' id='line_1_36' title="bbox 73 2801 987 2883; baseline 0.008 -28"><span class='ocrx_word' id='word_1_263' title='bbox 73 2803 153 2883; x_wconf 78' lang='lat' dir='ltr'><strong>modo</strong></span> <span class='ocrx_word' id='word_1_264' title='bbox 169 2801 345 2860; x_wconf 85' lang='lat' dir='ltr'><strong>inordinate</strong></span> <span class='ocrx_word' id='word_1_265' title='bbox 362 2811 538 2876; x_wconf 81' lang='lat' dir='ltr'><strong>moventur,</strong></span> <span class='ocrx_word' id='word_1_266' title='bbox 557 2806 612 2861; x_wconf 89' lang='lat' dir='ltr'><strong>aed</strong></span> <span class='ocrx_word' id='word_1_267' title='bbox 630 2810 808 2876; x_wconf 78' lang='lat' dir='ltr'><strong>prorsusut</strong></span> <span class='ocrx_word' id='word_1_268' title='bbox 823 2821 855 2860; x_wconf 82' lang='lat'><strong>111</strong></span> <span class='ocrx_word' id='word_1_269' title='bbox 873 2805 987 2878; x_wconf 87' lang='lat' dir='ltr'><strong>optima</strong></span> 
     </span>
     <span class='ocr_line' id='line_1_37' title="bbox 73 2877 511 2927; baseline 0.011 -4"><span class='ocrx_word' id='word_1_270' title='bbox 73 2877 209 2927; x_wconf 77' lang='lat' dir='ltr'><strong>sanitate.</strong></span> <span class='ocrx_word' id='word_1_271' title='bbox 509 2905 511 2909; x_wconf 66' lang='lat'><strong>,</strong></span> 
     </span>
    </p>

    <p class='ocr_par' dir='ltr' id='par_1_5' title="bbox 71 2936 1045 3352">
     <span class='ocr_line' id='line_1_38' title="bbox 133 2936 986 3013; baseline -0.001 -18"><span class='ocrx_word' id='word_1_272' title='bbox 133 2939 333 3011; x_wconf 83' lang='lat' dir='ltr'><strong>Suppuratio,</strong></span> <span class='ocrx_word' id='word_1_273' title='bbox 359 2938 394 2994; x_wconf 88' lang='lat' dir='ltr'><strong>in</strong></span> <span class='ocrx_word' id='word_1_274' title='bbox 412 2955 591 3011; x_wconf 87' lang='lat' dir='ltr'><strong>quacunque</strong></span> <span class='ocrx_word' id='word_1_275' title='bbox 609 2941 729 2996; x_wconf 89' lang='lat' dir='ltr'><strong>demum</strong></span> <span class='ocrx_word' id='word_1_276' title='bbox 746 2936 882 3009; x_wconf 80' lang='lat' dir='ltr'><strong>corporis</strong></span> <span class='ocrx_word' id='word_1_277' title='bbox 898 2946 986 3013; x_wconf 80' lang='lat' dir='ltr'><strong>parte</strong></span> 
     </span>
     <span class='ocr_line' id='line_1_39' title="bbox 71 3004 987 3080; baseline 0.005 -22"><span class='ocrx_word' id='word_1_278' title='bbox 71 3004 180 3064; x_wconf 84' lang='lat' dir='ltr'><strong>oriatur</strong></span> <span class='ocrx_word' id='word_1_279' title='bbox 211 3007 331 3063; x_wconf 83' lang='lat' dir='ltr'><strong>febrem</strong></span> <span class='ocrx_word' id='word_1_280' title='bbox 343 3008 529 3080; x_wconf 81' lang='lat' dir='ltr'><strong>propositam</strong></span> <span class='ocrx_word' id='word_1_281' title='bbox 543 3006 699 3072; x_wconf 80' lang='lat' dir='ltr'><strong>excitabit,</strong></span> <span class='ocrx_word' id='word_1_282' title='bbox 718 3025 795 3080; x_wconf 82' lang='lat' dir='ltr'><strong>quae</strong></span> <span class='ocrx_word' id='word_1_283' title='bbox 806 3014 908 3066; x_wconf 82' lang='lat' dir='ltr'><strong>tamen</strong></span> <span class='ocrx_word' id='word_1_284' title='bbox 919 3025 987 3064; x_wconf 87' lang='lat' dir='ltr'><strong>ma-</strong></span> 
     </span>
     <span class='ocr_line' id='line_1_40' title="bbox 72 3047 986 3148; baseline 0.003 -21"><span class='ocrx_word' id='word_1_285' title='bbox 72 3070 160 3136; x_wconf 83' lang='lat' dir='ltr'><strong>iorem</strong></span> <span class='ocrx_word' id='word_1_286' title='bbox 177 3047 210 3130; x_wconf 80' lang='lat' dir='ltr'><strong>in</strong></span> <span class='ocrx_word' id='word_1_287' title='bbox 228 3079 349 3132; x_wconf 82' lang='lat' dir='ltr'><strong>modum</strong></span> <span class='ocrx_word' id='word_1_288' title='bbox 365 3075 489 3148; x_wconf 89' lang='lat' dir='ltr'><strong>propria</strong></span> <span class='ocrx_word' id='word_1_289' title='bbox 508 3084 554 3132; x_wconf 81' lang='lat' dir='ltr'><strong>est</strong></span> <span class='ocrx_word' id='word_1_290' title='bbox 571 3079 733 3148; x_wconf 82' lang='lat' dir='ltr'><strong>glandulae</strong></span> <span class='ocrx_word' id='word_1_291' title='bbox 750 3075 919 3132; x_wconf 82' lang='lat' dir='ltr'><strong>acirrhccae</strong></span> <span class='ocrx_word' id='word_1_292' title='bbox 938 3077 986 3131; x_wconf 88' lang='lat' dir='ltr'><strong>in·</strong></span> 
     </span>
     <span class='ocr_line' id='line_1_41' title="bbox 73 3140 985 3225; baseline 0.007 -29"><span class='ocrx_word' id='word_1_293' title='bbox 73 3140 249 3212; x_wconf 82' lang='lat' dir='ltr'><strong>flammatae,</strong></span> <span class='ocrx_word' id='word_1_294' title='bbox 267 3143 359 3216; x_wconf 85' lang='lat' dir='ltr'><strong>idque</strong></span> <span class='ocrx_word' id='word_1_295' title='bbox 377 3148 415 3200; x_wconf 91' lang='lat' dir='ltr'><strong>ab</strong></span> <span class='ocrx_word' id='word_1_296' title='bbox 433 3145 499 3218; x_wconf 87' lang='lat' dir='ltr'><strong>ipae</strong></span> <span class='ocrx_word' id='word_1_297' title='bbox 513 3144 756 3203; x_wconf 79' lang='lat' dir='ltr'><strong>inflammationis</strong></span> <span class='ocrx_word' id='word_1_298' title='bbox 768 3142 868 3225; x_wconf 75' lang='lat' dir='ltr'><strong>initio:</strong></span> <span class='ocrx_word' id='word_1_299' title='bbox 887 3145 985 3202; x_wconf 81' lang='lat' dir='ltr'><strong>febris</strong></span> 
     </span>
     <span class='ocr_line' id='line_1_42' title="bbox 72 3207 1045 3286; baseline 0.004 -22"><span class='ocrx_word' id='word_1_300' title='bbox 72 3225 139 3266; x_wconf 83' lang='lat' dir='ltr'><strong>vero</strong></span> <span class='ocrx_word' id='word_1_301' title='bbox 150 3210 250 3267; x_wconf 80' lang='lat' dir='ltr'><strong>indies</strong></span> <span class='ocrx_word' id='word_1_302' title='bbox 262 3207 491 3285; x_wconf 65' lang='lat' dir='ltr'><strong>arigebicurpro</strong></span> <span class='ocrx_word' id='word_1_303' title='bbox 505 3215 594 3269; x_wconf 80' lang='lat' dir='ltr'><strong>inodo</strong></span> <span class='ocrx_word' id='word_1_304' title='bbox 607 3212 866 3286; x_wconf 69' lang='lat' dir='ltr'><strong>inflammationis,</strong></span> <span class='ocrx_word' id='word_1_305' title='bbox 875 3220 925 3268; x_wconf 89' lang='lat' dir='ltr'><strong>aut</strong></span> <span class='ocrx_word' id='word_1_306' title='bbox 936 3217 984 3268; x_wconf 91' lang='lat' dir='ltr'><strong>nl·</strong></span> <span class='ocrx_word' id='word_1_307' title='bbox 1044 3246 1045 3252; x_wconf 24' lang='grc' dir='ltr'><strong>κ</strong></span> 
     </span>
     <span class='ocr_line' id='line_1_43' title="bbox 73 3280 985 3352; baseline 0.008 -22"><span class='ocrx_word' id='word_1_308' title='bbox 73 3280 242 3348; x_wconf 78' lang='lat' dir='ltr'><strong>ceru&#39;tiouia,</strong></span> <span class='ocrx_word' id='word_1_309' title='bbox 255 3289 306 3334; x_wconf 76' lang='lat' dir='ltr'><strong>aaut</strong></span> <span class='ocrx_word' id='word_1_310' title='bbox 356 3299 374 3336; x_wconf 90' lang='lat' dir='ltr'><strong>n</strong></span> <span class='ocrx_word' id='word_1_311' title='bbox 399 3296 518 3338; x_wconf 79' lang='lat' dir='ltr'><strong>caenae.</strong></span> <span class='ocrx_word' id='word_1_312' title='bbox 537 3286 581 3337; x_wconf 80' lang='lat' dir='ltr'><strong>Ea</strong></span> <span class='ocrx_word' id='word_1_313' title='bbox 591 3290 637 3338; x_wconf 85' lang='lat' dir='ltr'><strong>est</strong></span> <span class='ocrx_word' id='word_1_314' title='bbox 648 3282 858 3352; x_wconf 73' lang='lat' dir='ltr'><strong>glandularum</strong></span> <span class='ocrx_word' id='word_1_315' title='bbox 867 3289 985 3352; x_wconf 78' lang='lat' dir='ltr'><strong>potura,</strong></span> 
     </span>
    </p>
   </div>
   <div class='ocr_carea' id='block_1_5' title="bbox 73 3345 985 3471">
    <p class='ocr_par' dir='ltr' id='par_1_6' title="bbox 73 3345 985 3471">
     <span class='ocr_line' id='line_1_44' title="bbox 73 3345 985 3471; baseline 0.009 -71"><span class='ocrx_word' id='word_1_316' title='bbox 73 3351 102 3400; x_wconf 88' lang='lat' dir='ltr'><strong>ut</strong></span> <span class='ocrx_word' id='word_1_317' title='bbox 117 3347 206 3416; x_wconf 77' lang='lat' dir='ltr'><strong>huius</strong></span> <span class='ocrx_word' id='word_1_318' title='bbox 223 3363 284 3471; x_wconf 56' lang='grc' dir='ltr'><strong>ἔθη</strong></span> <span class='ocrx_word' id='word_1_319' title='bbox 329 3367 343 3406; x_wconf 81' lang='lat' dir='ltr'><strong>a</strong></span> <span class='ocrx_word' id='word_1_320' title='bbox 360 3365 376 3405; x_wconf 90' lang='lat' dir='ltr'><strong>a</strong></span> <span class='ocrx_word' id='word_1_321' title='bbox 401 3358 483 3408; x_wconf 76' lang='lat' dir='ltr'><strong>ectus</strong></span> <span class='ocrx_word' id='word_1_322' title='bbox 500 3367 562 3406; x_wconf 89' lang='lat' dir='ltr'><strong>non</strong></span> <span class='ocrx_word' id='word_1_323' title='bbox 575 3351 672 3406; x_wconf 79' lang='lat' dir='ltr'><strong>aelmn</strong></span> <span class='ocrx_word' id='word_1_324' title='bbox 683 3345 715 3404; x_wconf 91' lang='lat' dir='ltr'><strong>in</strong></span> <span class='ocrx_word' id='word_1_325' title='bbox 728 3351 837 3416; x_wconf 77' lang='lat' dir='ltr'><strong>milltes</strong></span> <span class='ocrx_word' id='word_1_326' title='bbox 849 3367 985 3420; x_wconf 81' lang='lat' dir='ltr'><strong>meneea,</strong></span> 
     </span>
    </p>
   </div>
   <div class='ocr_carea' id='block_1_6' title="bbox 73 3414 925 3491">
    <p class='ocr_par' dir='ltr' id='par_1_7' title="bbox 73 3414 925 3491">
     <span class='ocr_line' id='line_1_45' title="bbox 73 3414 925 3491; baseline 0.005 -21"><span class='ocrx_word' id='word_1_327' title='bbox 73 3417 122 3470; x_wconf 80' lang='lat' dir='ltr'><strong>aad</strong></span> <span class='ocrx_word' id='word_1_328' title='bbox 138 3416 222 3472; x_wconf 80' lang='lat' dir='ltr'><strong>inter</strong></span> <span class='ocrx_word' id='word_1_329' title='bbox 245 3433 295 3471; x_wconf 91' lang='lat' dir='ltr'><strong>um</strong></span> <span class='ocrx_word' id='word_1_330' title='bbox 311 3417 344 3474; x_wconf 92' lang='lat' dir='ltr'><strong>in</strong></span> <span class='ocrx_word' id='word_1_331' title='bbox 363 3435 458 3476; x_wconf 76' lang='lat' dir='ltr'><strong>annos</strong></span> <span class='ocrx_word' id='word_1_332' title='bbox 475 3418 591 3490; x_wconf 77' lang='lat' dir='ltr'><strong>aliquot</strong></span> <span class='ocrx_word' id='word_1_333' title='bbox 606 3433 715 3491; x_wconf 74' lang='lat' dir='ltr'><strong>aegrae</strong></span> <span class='ocrx_word' id='word_1_334' title='bbox 731 3414 867 3476; x_wconf 86' lang='lat' dir='ltr'><strong>trahant.</strong></span> <span class='ocrx_word' id='word_1_335' title='bbox 922 3425 925 3430; x_wconf 87' lang='lat'>&#39;</span> 
     </span>
    </p>
   </div>
   <div class='ocr_carea' id='block_1_7' title="bbox 740 3501 783 3557">
    <p class='ocr_par' dir='ltr' id='par_1_8' title="bbox 740 3501 783 3557">
     <span class='ocr_line' id='line_1_46' title="bbox 740 3501 783 3557; baseline 0 -22"><span class='ocrx_word' id='word_1_336' title='bbox 740 3501 783 3557; x_wconf 55' lang='lat'><strong>53</strong></span> 
     </span>
    </p>
   </div>
   <div class='ocr_carea' id='block_1_8' title="bbox 0 0 1158 3898">
    <p class='ocr_par' dir='ltr' id='par_1_9' title="bbox 0 0 1158 3898">
     <span class='ocr_line' id='line_1_47' title="bbox 0 0 1158 3898; baseline 0 2"><span class='ocrx_word' id='word_1_337' title='bbox 0 0 1158 3898; x_wconf 95' lang='lat' dir='ltr'><strong> </strong></span> 
     </span>
    </p>
   </div>
  </div>
 </body>
</html>
