2300 3894
83 368 250 427 nehemia
262 363 474 442 trutinari,
497 373 533 426 ut
547 368 755 426 commentarii
773 371 937 428 ederentur
953 372 993 428 de·

83 441 218 496 related
240 435 682 514 medicinampcrtinentibusr
718 440 798 509 quod
829 439 991 496 consillum

83 525 161 580 qnam
178 506 317 564 omnibus
334 507 529 578 probaretur,
560 505 642 563 edita
665 515 738 564 sunt
765 507 910 565 deinces
934 517 993 565 roe
1023 509 1026 522 “

27 603 28 606 ¹
82 576 182 632 lamina
208 577 274 632 tria·
296 578 442 632 Actorum
467 574 654 657 bladieorum
691 574 845 655 (Medinat
872 525 993 633 iram·
1039 582 1041 590 '

82 645 208 714 utana
252 648 361 700 insunt
381 650 444 700 tem
461 644 531 715 hm,
556 651 621 700 tam
635 644 725 700 ,Actis
741 643 992 716 Philosophorum

82 711 308 789 (Philamplritol
328 711 582 784 bennenom),
608 720 643 767 ut
659 720 822 781 vocantur,
841 716 993 786 complura

81 783 258 839 Emonam
274 779 398 854 scripta.
425 781 599 848 Maximam
613 796 690 837 vero
706 780 820 836 famam
838 797 992 837 comman-

81 850 172 921 tariis,
199 858 276 924 quas
291 845 363 922 ipse
380 851 419 906 da
438 851 612 906 morborum
634 849 761 905 historia
785 857 816 906 et
839 849 993 906 cumtione

81 919 267 990 conscripsit,
300 920 431 990 adeptus
460 925 517 974 est.
570 923 704 998 Quarum
738 916 994 974 conficiendorum

80 987 149 1043 ratio
164 995 226 1044 erat
242 989 330 1044 haec.
373 989 444 1042 Mos
461 985 600 1068 illiserit,
612 988 665 1068 ,ad
688 992 879 1069 aegrotorum
897 990 992 1068 lectos

80 1070 260 1128 quaecunque
292 1061 461 1111 memorata
493 1057 670 1127 dignissima
701 1057 895 1124 viderentur,
932 1061 992 1112 cito

81 1126 180 1206 calamo
196 1125 228 1180 in
247 1124 346 1205 diario
363 1125 493 1194 quodam
510 1140 564 1180 suo
581 1125 742 1195 adnotare,
761 1125 905 1180 adnotata
919 1123 992 1180 dein

80 1194 818 1330 :tiltfntttlttttttn't‚intentat
834 1209 993 1318 ‘autb

79 1329 194 1386 lustrare
220 1329 415 1385 ridebantur.
456 1327 504 1384 Sic
529 1327 677 1401 perinde,
702 1347 797 1388 annos
819 1328 881 1402 jam
903 1337 992 1388 natus
1081 1329 1085 1342 ’

79 1397 143 1454 duos
164 1405 195 1454 et
216 1397 429 1470 septuaginta,
458 1397 689 1455 commentarios
714 1416 785 1457 suos
808 1403 845 1456 de
867 1399 991 1456 historia

81 1465 272 1522 etcnraticne
295 1467 469 1522 morborum
492 1466 642 1535 coniecit,
670 1468 782 1538 quibus
807 1468 841 1524 in
868 1469 992 1525 conciu-

25 1533 27 1550 '
80 1535 178 1592 randis
194 1551 314 1592 rurnma
332 1535 482 1606 religione
493 1533 526 1588 id
540 1535 612 1656 efit,
633 1541 667 1590 ut
679 1533 754 1590 nihil
767 1536 827 1592 nisi
842 1552 877 1592 ca
891 1537 991 1593 literis

25 1641 26 1656 2
80 1605 242 1675 mandaret,
279 1620 355 1674 quiae
386 1604 526 1658 adnotata
572 1611 692 1675 egerat,
727 1607 921 1673 qrramobrem
952 1621 992 1661 ua

25 1673 26 1696 ¹
79 1669 231 1730 memoriae
272 1672 375 1729 uidem
397 1687 471 1729 sitae
494 1677 546 1726 aut
569 1669 665 1726 rarius
688 1674 893 1728 tantummodo
920 1690 992 1728 con·

79 1740 177 1818 fidere,
203 1689 317 1802 aegram
340 1761 383 1802 ex
406 1741 530 1800 aliorum
553 1739 642 1800 libris
660 1748 794 1800 mutuum
812 1741 924 1816 aliquid
942 1760 992 1798 sn·

25 1847 47 1876 w
80 1827 151 1870 mere
170 1815 283 1871 voluit.
327 1814 383 1892 Qui
407 1831 451 1870 ax
474 1812 643 1884 plurissimis
662 1811 881 1886 experientiam
901 1810 995 1868 fonti·
1034 1873 1037 1882 ,

80 1881 128 1938 bus
142 1883 280 1950 haurire,
297 1899 463 1954 aurumque
481 1881 611 1938 solidum
622 1901 683 1939 non
697 1901 769 1939 vero
782 1881 845 1939 atui
858 1889 995 1938 ramenta
1061 1906 1064 1933 2

24 2005 26 2022 ‚
80 1963 216 2020 reponere
242 1959 463 2023 consueverat,
500 1953 598 2007 noluit
625 1951 751 2008 aliorum
780 1949 994 2008 additamentis

24 2037 25 2064 1
79 2022 157 2088 atque
177 2019 334 2144 ιζρώοῆι
359 2022 500 2078 collectas
523 2018 645 2094 proprio
669 2020 769 2080 studio
793 2019 914 2082 divitias
938 2035 994 2080 au·

78 2099 150 2156 gera.
229 2097 303 2143 anta
333 2106 408 2145 vero
433 2089 492 2146 fuit
516 2091 580 2162 ejrrs
606 2092 771 2162 modestia,
800 2100 834 2149 ut
860 2110 893 2149 se
918 2095 993 2150 rivo

78 2168 188 2212 aureum
206 2156 321 2216 librum
339 2156 387 2213 edi
409 2159 490 2214 haud
516 2167 687 2232 pateretur,
713 2178 800 2233 quem
827 2162 898 2218 dein
924 2173 994 2234 post

77 2222 161 2290 patris
178 2224 294 2279 obitum
311 2225 439 2281 liliorum
457 2230 553 2297 alter,
585 2245 748 2302 generosus
772 2231 890 2302 patriae
917 2232 993 2290 artis

78 2296 158 2362 atque
171 2293 296 2349 virtutis
314 2293 422 2362 heres,
440 2295 473 2350 in
493 2298 589 2352 lucem
607 2299 744 2369 protulit.

24 2415 25 2422 ,
136 2360 244 2418 Variae
261 2370 387 2418 exstant
401 2362 571 2436 imagines,
589 2367 697 2436 qttibus
714 2371 906 2424 Hensanrnt
923 2369 991 2425 vul·

24 2497 25 2504 ἵ
78 2429 119 2482 lus
148 2429 270 2500 orisque
304 2430 488 2487 lineamenta
518 2443 747 2506 cognoscentiam
798 2438 884 2491 Nulla
918 2453 993 2493 raro

24 2511 25 2530 ³
78 2497 273 2576 praestantior
293 2497 396 2572 ¹imago
421 2508 468 2558 est
494 2518 546 2568 ea,
580 2519 636 2571 qim
664 2500 912 2559 artificiosissime
938 2507 994 2561 de-

78 2569 146 2631 picta
167 2567 359 2622 coenaculum
383 2567 415 2622 in
439 2568 563 2623 aedibus
589 2568 842 2638 splendidissimis
868 2573 993 2644 Collegii

79 2633 254 2715 medicorum
271 2635 472 2698 Londiueusis
489 2631 656 2694 decoratur.
693 2641 788 2714 Quum
806 2655 871 2694 eam
890 2640 992 2696 intue-

79 2712 190 2771 ramur,
217 2719 302 2758 suae
324 2711 396 2760 sum
422 2705 510 2760 nobis
535 2723 641 2763 omnes
664 2705 903 2763 illae‘amabiles
927 2712 992 2764 Hr-

80 2779 213 2846 tranans
231 2771 358 2826 virtutes
377 2773 534 2845 ex,ipsins
560 2773 701 2846 imaginis
726 2772 801 2830 facie
827 2786 917 2846 utque
938 2778 993 2836 ha·

78 2833 136 2890 bitu
151 2841 300 2898 relucere.
340 2842 445 2899 Fronti
463 2841 595 2899 vidimus
612 2843 723 2901 mentis
741 2843 923 2916 gravitatem
939 2847 993 2903 sed

79 2904 231 2961 serenitate
248 2914 444 2980 temperatam
462 2909 613 2980 insidere,
640 2911 680 2966 iu·
696 2911 899 2983 {alacidissimo
922 2932 995 2970 ocu-

79 2968 168 3051 lorum
186 2977 289 3030 obtutu
307 2977 400 3031 animi
419 2980 581 3035 candorem
606 2988 635 3035 et
659 2981 931 3052 tranquillitatem,
961 2981 994 3039 in

80 3051 132 3094 ons
156 3042 247 3098 labiis
273 3045 424 3100 leuitatem
452 3054 481 3102 et
510 3047 724 3104 humanitatem
751 3049 992 3124 recognovimus,

80 3111 162 3176 alque
184 3107 283 3180 ipsum
305 3121 394 3184 caput
417 3116 547 3170 molliter
572 3116 744 3173 inclinatum
769 3117 938 3186 εὖτραπελίην
955 3120 993 3175 il·
1078 3185 1082 3190 ⁵

79 3172 151 3229 lam¹
169 3186 260 3248 atque
277 3181 307 3234 ln
325 3190 465 3262 aegrotos
483 3183 660 3241 facilitatem
678 3194 708 3242 et
725 3186 905 3260 comitatem,
923 3189 993 3262 qui-

111 3309 120 3338 ¹
143 3316 266 3386 Keirpara.
284 3323 318 3372 tls
336 3325 395 3374 deo.
413 3327 475 3376 hah.
493 3341 521 3389 p.
539 3327 584 3378 rt.
601 3329 624 3377 1.
643 3339 667 3377 o.
