2306 3898
168 215 204 270 ae
322 213 374 270 De
389 212 562 270 morborum
578 200 705 270 mosea
722 212 937 270 attrectatione.

169 365 276 438 genuit
291 365 374 421 bonu
390 367 540 421 morbum.
585 367 658 422 bum
677 378 749 421 vero
766 364 926 420 innumera
944 365 1091 434 remedia,

169 433 300 505 quaein
318 433 406 489 libris
423 432 546 488 medicis
565 435 778 504 celebrantur,
805 450 861 489 usu
883 435 980 488 multo
997 433 1090 489 fretus
1137 434 1138 470 l

170 505 495 578 magnoperafllaudare
512 517 572 556 non
588 515 731 623 possum
756 501 849 558 satius
867 517 935 557 esse
951 507 1028 572 puto
1045 509 1089 556 tu·

169 585 252 641 care,
273 579 304 626 at
319 570 429 626 famam
448 587 552 626 eornm
569 568 639 626 uiis
657 569 802 625 tuendam
819 569 1006 642 relinquere.

534 757 734 768 *enon—..-

456 913 523 968 ΟΔ
540 913 574 970 Ρ.
618 915 794 974 XXXIV.

245 1129 247 1136 Ι
423 1065 427 1078 ’
497 1047 548 1104 De
565 1049 754 1124 erysipelate.

34 1145 36 1150 Ι
60 1169 63 1175 ’
162 1133 309 1243 ¹Rubor
322 1181 439 1238 subitur
455 1181 533 1239 cutis
549 1200 619 1239 cum
642 1183 743 1258 aliquo
767 1189 904 1253 tumore,
934 1183 1034 1238 calore
1059 1186 1089 1237 et

167 1252 284 1320 dolore,
303 1259 335 1306 et
350 1251 504 1307 interdum
522 1267 589 1308 cum
606 1252 749 1310 vesiculis
766 1268 843 1323 aqua
860 1249 974 1323 plenis,
997 1265 1088 1304 roca·
1142 1266 1143 1314 l

167 1325 218 1374 tur
235 1318 414 1391 erysipelas.
450 1321 524 1384 curm
540 1319 587 1375 bia
604 1324 781 1394 plerumque
798 1321 894 1377 febris
912 1327 979 1386 est,
1003 1316 1089 1378 cuius

167 1386 258 1470 signa
275 1396 421 1444 constrata·
433 1390 614 1444 antecedunt
630 1389 678 1446 die
694 1407 772 1460 uno,
799 1391 850 1448 rel
874 1389 1008 1456 duobus,
1035 1387 1089 1440 rel
1143 1435 1144 1438 ,

167 1464 257 1510 etrum
276 1453 383 1512 tribus.
420 1457 593 1529 Eryaipelas
610 1457 674 1513 fere
691 1466 816 1529 occupat
831 1457 961 1526 taciem,
984 1455 1089 1536 eaput,

166 1524 296 1594 collum,
331 1527 382 1580 rel
415 1526 573 1596 humeros;
607 1541 718 1598 graves
741 1535 845 1582 temen
870 1524 1088 1580 inflammatio·

166 1608 223 1648 nes
241 1591 365 1648 alianum
384 1594 513 1661 partium
525 1595 775 1666 exulceratam,
795 1602 857 1650 tum
868 1591 1006 1648 maxime
1018 1605 1086 1644 cru·

166 1677 250 1730 rumj
268 1662 438 1783 erysipelas
454 1665 674 1732 quodammodo
691 1663 845 1735 referunt,
864 1668 955 1734 atque
973 1675 1010 1736 eo
1028 1675 1085 1714 no·

163 1728 545 1870 minellglcjpsiltiatssriuincipit
561 1813 580 1852 a
596 1802 711 1856 macula
729 1798 841 1873 exigua
858 1799 949 1853 rubra
966 1796 1000 1850 in
1026 1795 1084 1877 nli-

166 1880 224 1936 qua
243 1881 285 1920 ex
301 1864 338 1919 iis
356 1866 502 1936 partibus,
521 1883 598 1938 quae
614 1878 797 1925 memoratae
815 1873 904 1935 sunt,
922 1871 953 1922 et
970 1879 1085 1921 aenaim

165 1933 277 2005 serpit·
288 1941 376 2016 atquo
402 1947 444 1988 ex
473 1934 531 2014 alio
545 1934 580 2016 in
598 1936 691 2018 alium
707 1939 807 1992 locum
823 1933 944 2018 transit.
984 1935 1083 1987 Intar-

164 2001 238 2126 ltll
256 2007 840 2129 {tlt.l⁰¹.ltl.l.lt:l⁰t.ltttl3
857 2001 1085 2126 ”lllttlll

76 2189 82 2200 ,
164 2137 341 2210 praedictis,
359 2133 411 2193 ubi
428 2149 553 2195 numero
569 2142 672 2209 plures
689 2139 815 2208 fuerint,
830 2137 973 2208 nascitur,
1000 2142 1084 2209 post·

166 2219 258 2278 quam
275 2213 381 2278 ruptae
398 2204 477 2277 sint,
502 2208 689 2265 exulceratio
707 2211 831 2279 dolena,
855 2223 932 2280 quae
948 2212 1084 2264 uerutum

166 2275 238 2330 lene
262 2276 408 2346 postulat,
435 2291 497 2345 quo
522 2277 692 2334 arentibus
710 2277 901 2335 defendatur.
944 2277 1085 2331 Praestat

163 2350 266 2398 autern
285 2341 363 2396 nihil
380 2343 506 2398 omnino
522 2343 675 2416 imponere
693 2361 785 2419 super
802 2349 868 2402 loca
885 2342 1007 2413 affecta,
1027 2340 1083 2396 nisi

167 2411 355 2468 exulceratio
382 2413 565 2494 poposcerit.
609 2415 734 2485 Febris,
768 2429 845 2484 quaa
870 2413 936 2470 fere
960 2425 1083 2484 semper

166 2480 303 2548 aceedit,
336 2494 433 2552 major
466 2487 512 2536 est
542 2496 633 2553 quam
664 2501 721 2554 pro
752 2483 841 2538 modo
873 2478 1083 2536 inflammatio-

166 2547 233 2618 nia,
262 2555 292 2603 et
317 2563 376 2603 non
399 2565 467 2603 raro
485 2549 516 2604 in
535 2556 650 2606 tantum
668 2557 755 2624 urget
770 2555 806 2605 ut
825 2565 910 2605 mens
927 2550 1082 2618 turbatum

164 2615 1083 2757 tltlttlttllaltlttl‘ill'nttbllltbt

165 2754 361 2830 Quorundam
380 2769 501 2824 corpora
520 2753 560 2808 ita
579 2725 720 2810 ridentr'rr
736 2760 917 2826 comparata,
936 2761 971 2808 nt
987 2752 1084 2823 maio-

165 2837 232 2878 rem
248 2820 283 2876 in
299 2821 421 2875 modum
439 2821 639 2892 snbjiciuntur
661 2825 730 2879 boio
752 2825 878 2890 morbo,
905 2830 936 2877 et
959 2823 1084 2877 crebros

165 2887 279 2945 reditur
304 2888 512 2960 experiantur.
556 2893 593 2945 llt
617 2907 693 2946 sane
716 2892 884 2963 quicunqne
903 2889 966 2946 illo·
987 2889 1085 2944 semel

166 2963 299 3012 tentatus
322 2955 398 3026 furit,
423 2973 494 3012 eum
515 2967 589 3028 poto
611 2960 751 3029 deinceps
774 2975 841 3014 esse
864 2957 1014 3027 repetenti
1032 2975 1085 3028 op·

165 3025 379 3096 portuniorern.
406 3024 530 3104 Quidam
548 3026 732 3099 erysipelate
749 3029 845 3082 semel
863 3034 915 3080 aut
931 3025 980 3080 bis
997 3032 1085 3096 quot·

166 3094 257 3148 annis
274 3093 404 3164 correpti
423 3093 734 3165 iuraruntparmultos
751 3111 857 3151 annos.
889 3097 1084 3164 Nequaquam

166 3161 265 3216 securi
282 3168 351 3216 suut
366 3163 492 3226 invenes
517 3169 548 3217 et
566 3161 680 3220 robusti
686 3179 695 3220 ε
726 3165 822 3218 multo
840 3170 941 3217 temen
959 3160 1083 3232 saepius

166 3235 336 3299 tentantur,
354 3228 406 3300 qai
423 3237 522 3285 aetate
538 3239 609 3286 sunt
626 3229 779 3300 inclinata,
798 3243 984 3301 quorumque
1001 3228 1083 3284 rale-

167 3297 354 3368 tudozooepit
368 3297 570 3371 conquassari.
606 3299 782 3372 llrysipelas
799 3313 964 3369 nunquam,
982 3311 1082 3368 quan·
