2306 3898
153 367 156 374 Ι
252 233 329 348 ou».
352 274 546 337 xxxma
580 276 633 336 Do
650 277 754 350 fauo.
932 283 966 338 a

337 465 406 520 oa
421 467 456 520 a.
499 443 673 524 xxxvl.

58 583 107 638 De
123 582 186 655 Itis,
203 583 260 660 qui
277 599 346 641 oum
362 582 493 640 clamato
510 594 539 640 et
550 595 669 642 terrore
679 585 946 658 expergiscuntur.

43 679 135 868 liQssri
154 735 365 794 conflictantur
382 751 449 791 cum
467 727 641 809 arthritide,
660 737 814 811 paralysi,
837 743 887 794 aut
904 753 966 792 ma—

65 829 79 866 s
119 804 282 880 ystericis,
300 805 455 860 interdum
475 807 728 880 expergiscuntur
746 807 881 862 maxime
895 823 966 877 per·

42 877 175 942 urban.
204 882 236 930 et
253 874 339 945 quiasi
359 872 455 930 territi
475 875 657 931 exclamant.
700 879 782 932 Idem
805 877 839 932 in
858 871 968 946 puerili

43 954 140 1006 aetate
166 941 349 1016 saepissime
376 941 541 1016 contingit,
573 943 625 999 ubi
652 945 813 1017 lumbrici,
849 942 968 1002 ventris

44 1016 174 1074 tormina
222 1018 274 1068 aut
299 1024 460 1067 nervorum
483 1011 681 1069 distensiones
707 1021 836 1069 vexant.
877 1011 967 1068 Pueri

7 1144 11 1152 ,
45 1088 96 1142 hoc
114 1052 209 1140 modo
229 1079 405 1154 experrecti
423 1079 577 1140 interdum
596 1081 750 1156 desipiunt
768 1083 871 1142 horam
889 1081 967 1136 iute-

45 1171 128 1227 gram
146 1150 331 1226 priusquam
349 1149 388 1204 ad
404 1157 437 1206 se
454 1151 593 1204 redeant.

403 1325 613 1336 m

327 1458 448 1516 cst.
488 1460 687 1515 xxxt‘n.

364 1635 367 1644 .
423 1593 595 1666 Defabro.

49 1667 200 1786 Febris,
227 1713 293 1770 sive
315 1716 444 1794 languor
469 1731 536 1774 cum
560 1711 739 1770 arteriarum
762 1717 851 1798 pulsu
868 1716 967 1772 conoi-

55 1789 124 1856 tato,
155 1783 312 1863 interdum
329 1783 411 1862 aliis·
422 1782 537 1838 morbis
562 1779 691 1854 accedit,
719 1785 828 1856 quibus
854 1785 970 1843 sanatis

54 1849 65 1908 i
82 1870 110 1908 sa
130 1870 189 1908 con
215 1855 331 1907 urescit.
355 1851 413 1906 nbi
431 1851 531 1908 nullus
548 1851 626 1910 alius
643 1855 766 1912 morbus
784 1862 831 1910 est
848 1862 971 1926 praeter

50 1869 293 1990 &remissius
311 1925 413 2000 tamen
432 1929 538 1976 natura
557 1921 642 1976 varia
660 1929 723 1992 est,
747 1940 847 1996 neque
865 1923 970 1980 eadem

46 1990 156 2062 ubique
175 1987 319 2044 medendi
339 1995 414 2044 ratio
438 1989 592 2046 convenit.
632 1992 679 2046 Aa
704 2007 770 2046 eam
795 1991 856 2050 rita
879 1990 970 2050 insti·

47 2059 193 2116 tuendam
220 2061 339 2128 oportet
360 2053 470 2112 intueri
494 2063 621 2114 aetatem
647 2057 751 2131 aegri,
780 2068 811 2116 at
837 2059 970 2133 corporis

46 2126 203 2197 habitum,
221 2123 531 2198 consuetudinemque
547 2124 688 2198 visendi,
712 2135 743 2183 et
765 2126 840 2184 anui
857 2136 970 2202 tempe·

46 2202 156 2253 statem
194 2201 225 2250 et
241 2197 362 2250 morbos
380 2199 442 2250 tum
461 2195 604 2265 temporis
621 2195 806 2268 frequentes.

112 2234 238 2345 Febres'
252 2264 435 2336 ardentes,r
473 2267 557 2320 uates
581 2264 661 2320 flunt
682 2265 735 2320 ubi
758 2265 971 2338 peripneumo-

47 2333 97 2390 nia
109 2335 296 2404 pleurrtrsve
310 2339 366 2404 est,
378 2339 430 2388 aut
458 2332 587 2404 aucium,
603 2331 819 2390 intestinorum
831 2343 883 2390 aut
894 2335 970 2391 alia·

46 2420 111 2459 rum
129 2399 266 2474 partium
283 2399 498 2472 inflammatio,
523 2418 592 2457 raro
615 2409 759 2458 narrantur
782 2401 850 2458 sina
873 2405 969 2461 detra·

46 2473 147 2528 ctione
165 2467 326 2544 sanguinis
344 2470 464 2542 copiosa
484 2476 515 2526 et
530 2469 672 2542 repetita.
708 2471 821 2527 Febres
839 2480 971 2530 castren·

46 2555 113 2613 seo,
133 2545 165 2595 et
182 2557 260 2608 quae
277 2541 386 2595 barum
402 2537 519 2595 similes
536 2545 627 2610 sunt,
644 2537 801 2618 rafisoinre'
817 2542 973 2611 postulunt

44 2616 95 2668 out
113 2608 222 2664 ferunt
239 2624 350 2666 venam
368 2607 480 2664 incidi·
506 2609 563 2664 aed
585 2606 618 2662 in
641 2605 731 2664 initio
748 2607 907 2679 permagni
924 2609 971 2664 iu·

46 2683 145 2734 terent
161 2677 311 2732 vomendo
329 2673 444 2732 ventric
478 2693 528 2732 um
571 2692 696 2748 argare,
723 2677 804 2747 quod
828 2693 890 2733 nou
917 2679 971 2734 ob·

46 2763 137 2806 acore
154 2744 272 2802 indicat
288 2762 401 2802 nauseo
409 2785 421 2816 ,
440 2762 518 2827 qnae
535 2694 587 2800 iiio
605 2754 740 2818 tempore
758 2761 882 2818 aegrum
899 2744 971 2804 fati·

46 2821 108 2888 gat.
137 2814 190 2870 Ad
207 2816 264 2870 hoc
281 2813 365 2871 utitis
384 2820 431 2871 est
448 2813 670 2890 1pecacuanhae
687 2813 719 2870 iu
739 2817 897 2896 pulverem
915 2813 971 2871 tri·

47 2893 94 2940 tae
120 2885 283 2954 scrcupnluo
308 2900 376 2939 cum
400 2881 558 2940 antimonii
585 2881 750 2939 tartarioatr
771 2901 868 2956 grano
892 2901 970 2954 unos

46 2957 127 3010 unde
146 2968 209 3007 non
228 2952 324 3007 solum
342 2953 512 3008 stomachus
530 2953 699 3022 vomendo,
720 2955 776 3016 sed
793 2956 971 3024 plerumque

46 3019 141 3076 etiam
159 3021 249 3077 alvus
267 3017 434 3090 dejiciendo
452 3028 617 3101 purgatur,
644 3038 707 3076 non
723 3021 791 3079 siue
809 3024 906 3079 multo
923 3021 970 3078 fa·

47 3088 176 3146 brientio
195 3089 364 3145 commodo.
405 3091 470 3146 Hoc
486 3091 705 3146 inedicamento
723 3107 834 3146 rrauusea
851 3089 971 3160 penitus

48 3155 155 3214 discuti
173 3157 435 3236 solebat-eodem
452 3155 654 3233 repetitouix
672 3173 802 3238 unqpam
820 3175 896 3282 opus
913 3166 969 3224 ast·

48 3224 145 3296 Saepe
169 3225 261 3282 etiam
284 3225 382 3296 princi
406 3225 435 3281 io
463 3227 549 3281 dolor
567 3231 614 3282 ast
630 3224 661 3282 in
680 3233 777 3298 capite
795 3243 841 3282 mo
855 3224 971 3293 satissi-

49 3309 134 3364 ωας,
154 3293 194 3348 ad
213 3309 303 3366 quem
320 3243 514 3364 empiastrum
531 3293 715 3354 cantharidis
732 3295 816 3357 inter
833 3299 970 3366 scapulas

49 3357 223 3436 impositum
240 3361 522 3434 praesentissimum
539 3361 704 3421 remedium
722 3370 779 3424 sot
811 3368 847 3423 Iu
866 3365 970 3432 dotora
