2306 3898
202 241 277 318 Gap.
298 221 466 302 xxxin*
494 243 545 302 De
561 243 746 302 ebremarum
761 245 860 305 malis.
951 249 985 306 81

84 395 289 452 desinentium.
322 393 412 452 nano
423 393 575 470 medontfi,
592 411 681 469 qnam
699 395 874 467 didiceram,
891 413 983 470 saepe

81 463 481 588 tdttt.itf⁰¹¹tt’t·¹’⁰t¹
504 482 614 590 titt
627 466 984 592 ttttttbt‘tetf

80 551 163 655 ierim
187 571 370 656 desinerent.
437 549 566 674 ogitranti
588 601 689 676 itaque
713 603 787 658 mihi
812 605 981 660 denatura

80 667 276 741 dysenteriae,
303 669 371 724 visa
395 677 442 726 est
458 669 603 726 contineri
619 672 652 726 in
667 672 846 729 humoribus
863 671 982 728 vitiosis

78 734 218 792 inclinatis
234 735 267 792 in
285 735 449 809 intestine,
468 755 545 810 qnae
561 739 635 794 inde
652 735 847 796 iebementer
861 747 981 812 pertur-

78 805 136 858 bata
152 812 221 862 sont
238 803 316 868 etin
333 811 431 862 motns
447 805 637 863 inordinatos
654 807 803 878 conjecta,
822 808 866 866 sio
883 815 917 862 nt
935 807 980 864 in·

78 878 118 928 tos
132 873 283 930 laedentia
300 872 415 930 exitum
433 891 494 930 non
511 875 653 932 habeant.
681 879 755 932 Cum
772 893 845 934 vero
862 877 979 931 nullum

77 941 314 998 medioamentnm
342 946 444 998 alvum
462 945 620 1024 'promtius
652 947 750 1001 solvat
783 961 872 1016 quam
900 947 980 1000 sales

76 1017 224 1082 purgantes
240 1012 380 1082 (qnorum
390 1025 567 1082 praecipuus
579 1018 626 1068 eat
636 1011 788 1094 magnesia
800 1011 978 1092 vitriolata)²

76 1077 978 1228 bntwfittttt‘tttttitt,tetendebat

75 1227 145 1267 seam
162 1221 192 1268 et
214 1221 360 1270 vomitum
381 1224 537 1272 moveant:
563 1221 723 1288 sperabam
744 1217 826 1286 fore,
855 1225 888 1274 ut
913 1233 976 1271 non

75 1283 311 1338 oontemnendam
328 1299 345 1336 o
368 1299 415 1338 em
431 1287 623 1354 praeberent.
648 1285 779 1342 Primum
792 1285 890 1356 itaque
907 1283 977 1340 dedi

74 1350 235 1430 magnesiae
259 1299 427 1406 vitrioiatae
450 1353 621 1408 drachmam
643 1364 734 1412 sexta
751 1370 866 1478 quassae
884 1354 976 1424 hore,

74 1433 114 1486 qur
130 1417 214 1474 brevi
230 1420 496 1490 levabatdolores,
515 1421 607 1476 etiam
617 1424 820 1494 prinsquama
836 1435 892 1480 ens
904 1437 975 1492 por·

74 1491 130 1556 gata
145 1492 201 1542 ost.
245 1485 326 1544 Aliis
351 1486 495 1558 majorem
516 1491 639 1544 modum
663 1490 831 1563 imperavi,
857 1503 907 1546 ax*
938 1505 975 1544 uo

74 1569 124 1608 non
139 1557 235 1610 solnm
258 1555 372 1612 fructus
385 1571 527 1627 praesens
538 1565 699 1630 perceptus
712 1565 769 1640 est,
785 1575 903 1628 verum,
917 1507 975 1613 ie·

74 1619 234 1743 {potionibus
252 1621 382 1696 copiosis
398 1623 560 1708 excitatis,
583 1624 649 1698 ipsa
671 1629 767 1684 morbi
790 1641 878 1682 cansa
901 1626 973 1682 aub-

78 1697 286 1842 Fffii'tqnam
302 1757 350 1816 vis
367 1758 463 1815 morbi
486 1759 655 1832 transierit,
683 1778 774 1836 aeger
796 1777 973 1846 quemqnam

77 1839 98 1878 n
110 1831 168 1883 teto
186 1834 241 1897 snt,
260 1835 361 1882 tamen
378 1829 491 1884 vexari
508 1831 586 1886 solet
601 1831 727 1886 molesta
745 1831 904 1888 desidendi
921 1847 972 1886 en·

73 1891 194 1967 piditate‚
217 1901 345 1968 propter
365 1897 468 1952 levem
494 1899 647 1969 dolorem,
674 1898 727 1981 qni
742 1899 777 1956 in
794 1907 875 1956 recto
892 1899 971 1955 inte·

72 1959 136 2020 atino
151 1972 266 2022 manet.
299 1961 377 2019 Heio
394 1965 505 2046 optime
523 1969 661 2022 medetur
676 1969 784 2038 Jusonli
802 1967 888 2024 ovilli
903 1966 972 2037 pin·

70 2028 123 2099 guin
137 2031 268 2100 selibra,
290 2032 338 2087 eni
355 2031 517 2090 instillatao
534 2043 607 2090 sunt
624 2035 773 2093 tincturae
791 2035 853 2108 opii
869 2042 972 2108 guttae

70 2095 181 2170 viginti,
207 2100 244 2155 in
271 2102 374 2156 eleum
398 2100 516 2158 infusas
544 2110 635 2174 atque
656 2106 715 2160 hac
738 2107 801 2160 sola
820 2102 971 2160 occasione

69 2179 161 2223 senam
178 2168 284 2240 opinm
301 2168 336 2223 in
352 2170 410 2224 boo
426 2172 531 2226 morbo
550 2179 613 2227 tuto
624 2178 655 2228 et
666 2169 779 2229 utiliter
790 2171 856 2228 dari
869 2185 969 2244 posse.

68 2235 95 2287 in
109 2235 251 2308 principio
269 2243 369 2309 certe,
386 2244 498 2294 ventre
513 2239 648 2295 nondum
664 2243 724 2314 pirr
763 2247 793 2297 to
835 2239 970 2296 maxime

67 2311 181 2360 noceret.
232 2293 392 2378 Singultus
415 2307 542 2362 accessit
567 2316 598 2363 et
618 2324 694 2379 aqna
732 2280 831 2367 oetidn
855 2307 970 2380 dejecta

67 2375 118 2441 est,
133 2373 183 2430 nbi
201 2372 379 2448 dysenteria
395 2380 493 2431 morte
509 2373 595 2432 finita
614 2382 671 2434 est.

355 2664 660 2722 car.xxxu.
746 2652 749 2663 '

240 2840 246 2850 .
314 2797 365 2859 De
390 2798 575 2858 ebriosam
601 2785 700 2858 molis.

63 2857 197 2988 Ebriooi
216 2915 315 2973 solent
330 2917 450 2974 tandem
466 2917 529 2992 pati
545 2915 685 2988 forfidio,
710 2917 845 2992 ,vomitus
868 2923 964 2974 metn-

63 2982 142 3051 bnna,
159 2980 341 3054 inflationes,
360 2983 485 3040 maniam
516 2985 712 3054 debilitatem,
736 2993 894 3055 tremores,
912 2986 965 3041 do·

63 3043 131 3128 loten
147 3045 322 3119 ventriculi,
337 3052 474 3124 ictorum,
487 3024 668 3130 iiydropem'
692 3054 855 3111 memoriae
872 3057 903 3110 et
919 3060 964 3109 at·

63 3114 190 3172 tentionis
202 3117 414 3191 defectionem,
427 3121 624 3196 vertiginem,
637 3093 746 3178 'aivum
757 3121 867 3193 fusam,
886 3136 964 3178 som·

62 3193 162 3252 nmque
178 3187 287 3242 breves
304 3194 335 3242 et
351 3189 559 3246 tumultuosos.
808 3255 810 3262 ¹

119 3252 262 3330 {temedia
277 3257 459 3326 tempestive
474 3257 626 3330 adhibito,
642 3265 675 3313 at
690 3255 754 3332 ¹vite
771 3256 843 3314 dein
861 3255 964 3314 sobrie

64 3325 299 3392 contenenterqne
329 3331 412 3395 oeta,
443 3326 606 3396 plurimum
635 3327 743 3382 valent
768 3325 807 3382 ad
834 3327 962 3383 salntem
