2316 3892
202 284 275 365 cap.
294 252 467 351 nx‘atur.
502 289 553 349 aa
569 289 665 350 aona
681 261 852 350 maranum.
942 293 992 349 nr

24 444 25 454 ¹
87 444 193 512 cantur,
222 459 280 512 qno
307 443 394 512 pacto
417 442 493 512 baec
517 442 612 516 pestis
634 443 667 500 in
692 440 808 500 viscera
831 441 987 515 illabatur,

85 505 195 578 ideoque
219 513 256 566 ab
281 510 333 567 illa
358 525 463 568 cavare
487 527 547 568 non
574 520 717 594 possunt,
743 530 811 584 eos,
837 510 898 568 nisi
924 512 986 570 fort

86 579 216 646 quaedam
241 577 430 651 intercedat,
459 598 521 652 quo
541 598 643 647 manua
667 598 756 637 cattas
775 583 847 637 mali
865 578 986 637 assiduo

85 653 249 718 renovetur,
284 651 371 702 nulla
389 666 438 706 att
464 655 494 704 et
520 663 607 704 nemo
626 650 758 706 medicus
777 649 808 704 in
827 648 985 720 pristinam

85 713 230 772 uanitatem
249 715 410 782 restituere
426 717 550 790 poterit.
593 723 658 775 Non
681 727 727 776 est
749 718 848 788 itaque
866 717 984 797 mirum,

84 784 148 850 qnod
164 782 298 842 homines
317 801 359 843 ex
376 785 434 842 hoc
451 801 521 842 casu
536 785 714 868 plerumque
725 786 904 842 moriantur.
933 790 984 840 ln*-

85 855 122 904 ler
132 851 185 906 alia
195 849 410 910 intestinorum
423 857 516 937 mala2
532 855 644 926 quihus
661 856 797 912 tutantes
813 853 985 910 conflictan-

83 921 138 990 tur,
160 919 248 976 colica
266 922 425 978 Pictonum
442 922 570 990 forsttau
589 941 648 979 uon
669 924 806 978 ultimum
824 927 922 979 locum
941 930 986 977 te·

82 994 139 1068 net3
164 1005 252 1060 quam
277 989 392 1047 scilicet
418 992 613 1065 contrahunt,
641 995 712 1046 dunt
735 992 896 1064 crepundia
921 1007 986 1060 sua,

82 1053 163 1111 mtnlo
179 1064 228 1112 aut
245 1073 365 1116 cerussa
383 1057 492 1128 fucata,
511 1059 567 1130 ori,
586 1067 618 1116 ut
638 1059 683 1130 fit,
708 1075 797 1130 saepe
821 1062 986 1115 admovent

82 1123 242 1206 etlingunt.
286 1125 428 1187 Artifices
451 1128 558 1182 hortun
582 1129 815 1202 crepundiorum
832 1127 984 1184 interdum

85 1205 174 1248 mravt
191 1197 297 1251 eodem
315 1195 419 1252 morbo
437 1199 578 1252 tentatos.

136 1261 231 1318 Prima
251 1263 384 1320 accessio
402 1271 506 1324 acutae
524 1263 635 1324 colicas
653 1281 715 1318 non
735 1278 856 1346 semper
875 1247 985 1340 desinit

81 1323 105 1381 in
123 1331 288 1404 paralysin.
324 1330 373 1388 llli
391 1331 501 1403 itaque,
520 1328 571 1403 qui
590 1333 642 1387 tali
661 1331 868 1387 admonitione
885 1333 985 1386 edoctt

80 1392 266 1467 inposterum
284 1397 344 1456 sibi
362 1401 467 1456 sedulo
485 1407 592 1456 cavent
610 1403 648 1455 ab
667 1401 730 1470 ejus
749 1416 854 1470 causa,
882 1415 985 1470 quam·

80 1477 154 1534 onam
170 1467 425 1537 periculosissima
442 1467 651 1541 laborassent,
680 1475 786 1541 postea
810 1475 912 1523 tamen
939 1465 985 1521 ti·

81 1543 140 1590 tere
155 1543 281 1606 possunt
298 1537 389 1593 liberi
408 1540 447 1592 ab
464 1539 519 1594 hoc
536 1537 625 1594 analo.

133 1605 262 1677 Urgente
279 1605 380 1662 dolore
398 1605 509 1677 colico,
541 1607 614 1662 dara
639 1611 758 1677 oportet
781 1603 983 1658 medicamen·

80 1673 128 1726 tunt
142 1689 286 1748 purgans,
305 1676 383 1745 quod
400 1673 483 1730 viam
499 1673 558 1730 sibi
574 1673 664 1730 faciat
677 1690 731 1744 per
742 1673 885 1728 intestina
899 1688 985 1742 spas-

79 1739 124 1797 mis
139 1751 272 1800 contorta
286 1751 316 1800 et
334 1742 476 1800 adstricta
479 1759 493 1825 3
513 1748 602 1814 atque
621 1741 711 1798 etiam
729 1740 841 1812 opium,
859 1739 911 1793 nbi
927 1743 984 1794 do-

79 1805 115 1864 lor
128 1819 245 1882 praeter
263 1811 385 1870 solitum
403 1818 530 1869 saev1at.
556 1815 689 1868 Prosunt
699 1827 817 1882 quoqne
832 1811 983 1890 balneum,

79 1882 305 1952 otemplaatrum
323 1880 512 1947 cantharidis
530 1897 623 1950 super
639 1886 777 1938 ventrem
801 1878 982 1950 imposttum.

78 1945 223 2019 Postquam
241 1948 373 2021 impetus
392 1949 489 2006 morbi
509 1948 684 2019 transierit,
707 1947 891 2028 conveniunt
917 1961 983 2002 aro·

75 2015 171 2072 natica
196 2025 227 2076 et
251 2034 374 2088 amara,
401 2035 467 2076 cum
491 2020 530 2074 ad
553 2017 774 2080 concoctionem
801 2015 983 2070 moliendam

78 2085 313 2142 arentriculum
332 2083 592 2159 confirmandum,
611 2095 676 2143 tum
694 2088 730 2144 ad
748 2083 984 2156 praecidendam

76 2153 249 2230 paralyticae
269 2153 434 2212 debilitatis
452 2171 587 2227 causam,
617 2157 673 2212 rel·
693 2153 782 2210 etiam
805 2153 844 2208 ad
862 2153 983 2226 paraly-

75 2221 186 2302 ttham
205 2223 331 2296 lectam,
359 2225 535 2280 sanandam.
579 2223 665 2294 Aqua
681 2221 849 2279 Bathonica
866 2219 984 2302 ventri-

76 2289 136 2346 cults
152 2289 282 2348 infirmia
300 2291 394 2352 atnica
413 2298 477 2361 est,
496 2297 526 2346 et
543 2307 605 2348 non
622 2291 876 2348 contemnendum
894 2305 982 2346 attxt·

74 2351 134 2414 lium
150 2359 196 2417 his
214 2359 312 2436 aegris
330 2359 507 2434 pollicetur:
527 2359 634 2431 quodsi
647 2357 798 2414 nonnullis
811 2358 892 2413 haud
908 2357 983 2412 mni·

75 2427 125 2482 lam
142 2429 286 2500 opitulata
306 2436 362 2512 est²
382 2426 432 2484 atii
444 2436 553 2484 tamen
569 2427 737 2483 Bathoniae
754 2428 982 2495 convaluerunt,

74 2499 98 2546 ct
112 2492 176 2554 ideo
193 2495 320 2553 forsitan
336 2497 435 2564 cauus,
453 2496 527 2580 qttia
540 2493 607 2554 istis
625 2495 802 2566 aquisintus
817 2501 846 2549 et
861 2494 983 2549 extrin-

73 2573 146 2618 secus
163 2564 370 2622 nsiduiasent.
412 2563 492 2648 Quti't
515 2563 610 2620 alium
626 2581 713 2621 usum
732 2561 851 2634 capient
867 2563 982 2634 aegroti

72 2641 107 2684 ex
122 2631 227 2690 itinere
245 2635 282 2689 ad
301 2635 501 2704 Bathontatn,
528 2651 596 2691 cum
621 2650 684 2690 non
709 2632 916 2688 tantummodo
937 2630 982 2684 lo·

72 2711 145 2776 epm,
162 2704 215 2758 sed
234 2701 385 2772 potionem
400 2703 522 2774 ,qttoqde
540 2706 671 2774 mutent,
690 2708 721 2757 et
738 2700 823 2758 cibus
841 2698 909 2756 aliis
926 2715 981 2754 ra·
1048 2703 1050 2706 '

71 2777 106 2821 tta
122 2776 284 2842 coquatur,
308 2779 338 2826 et
356 2767 545 2837 condimenta
563 2767 846 2842 alia'apponantur:
878 2767 981 2838 itaque

70 2840 246 2903 sperandum
263 2845 321 2908 est,
339 2841 441 2896 omnes
458 2839 577 2913 plumbi
593 2837 691 2897 aditus
708 2840 772 2897 fore
788 2837 990 2904 intercluaotu·

70 2911 162 2962 contra
199 2922 272 2979 nos,
291 2913 393 2979 utpote
410 2906 545 2980 ignotos,
562 2908 677 2982 aegroti
694 2925 754 2966 non
771 2911 912 2980 poterant
928 2903 979 2960 ‹la-

69 2966 161 3048 tendi,
179 2925 252 3032 gum
270 2975 351 3034 domi
368 2981 537 3056 manerent.

415 3178 628 3198 mm
