<?xml version="1.0" encoding="UTF-8"?>
<!DOCTYPE html PUBLIC "-//W3C//DTD XHTML 1.0 Transitional//EN"
    "http://www.w3.org/TR/xhtml1/DTD/xhtml1-transitional.dtd">
<html xmlns="http://www.w3.org/1999/xhtml" xml:lang="en" lang="en">
 <head>
  <title>
</title>
<meta http-equiv="Content-Type" content="text/html;charset=utf-8" />
  <meta name='ocr-system' content='tesseract 3.04.00' />
  <meta name='ocr-capabilities' content='ocr_page ocr_carea ocr_par ocr_line ocrx_word'/>
</head>
<body>
  <div class='ocr_page' id='page_1' title='image "./operamedica00friegoog_0245.png"; bbox 0 0 2316 3892; ppageno 0'>
   <div class='ocr_carea' id='block_1_1' title="bbox 172 271 940 354">
    <p class='ocr_par' dir='ltr' id='par_1_1' title="bbox 172 271 940 354">
     <span class='ocr_line' id='line_1_1' title="bbox 172 271 940 354; baseline 0 -22"><span class='ocrx_word' id='word_1_1' title='bbox 172 273 225 332; x_wconf 70' lang='lat' dir='ltr'>iul</span> <span class='ocrx_word' id='word_1_2' title='bbox 326 271 565 354; x_wconf 23' lang='lat' dir='ltr'>Defluaopb&#39;orruo</span> <span class='ocrx_word' id='word_1_3' title='bbox 581 271 710 354; x_wconf 69' lang='lat' dir='ltr'>uictoria</span> <span class='ocrx_word' id='word_1_4' title='bbox 725 283 756 330; x_wconf 84' lang='lat' dir='ltr'>ot</span> <span class='ocrx_word' id='word_1_5' title='bbox 770 272 940 332; x_wconf 73' lang='lat' dir='ltr'>cwutiorte.</span> 
     </span>
    </p>
   </div>
   <div class='ocr_carea' id='block_1_2' title="bbox 171 420 1101 840">
    <p class='ocr_par' dir='ltr' id='par_1_2' title="bbox 171 420 1101 840">
     <span class='ocr_line' id='line_1_2' title="bbox 171 420 1101 501; baseline -0.002 -19"><span class='ocrx_word' id='word_1_6' title='bbox 171 424 240 482; x_wconf 81' lang='lat' dir='ltr'>Has</span> <span class='ocrx_word' id='word_1_7' title='bbox 254 423 465 501; x_wconf 76' lang='lat' dir='ltr'>glandtuarum</span> <span class='ocrx_word' id='word_1_8' title='bbox 490 420 734 498; x_wconf 75' lang='lat' dir='ltr'>exulcerationes</span> <span class='ocrx_word' id='word_1_9' title='bbox 755 439 922 500; x_wconf 66' lang='lat' dir='ltr'>nunquam„</span> <span class='ocrx_word' id='word_1_10' title='bbox 938 423 1010 482; x_wconf 85' lang='lat' dir='ltr'>vidi</span> <span class='ocrx_word' id='word_1_11' title='bbox 1033 424 1101 482; x_wconf 77' lang='lat' dir='ltr'>tierl</span> 
     </span>
     <span class='ocr_line' id='line_1_3' title="bbox 173 489 1100 574; baseline 0.004 -28"><span class='ocrx_word' id='word_1_12' title='bbox 173 489 372 572; x_wconf 82' lang='lat' dir='ltr'>tarciuomata</span> <span class='ocrx_word' id='word_1_13' title='bbox 396 493 433 550; x_wconf 90' lang='lat' dir='ltr'>in</span> <span class='ocrx_word' id='word_1_14' title='bbox 451 491 578 574; x_wconf 68' lang='lat' dir='ltr'>puerili]</span> <span class='ocrx_word' id='word_1_15' title='bbox 594 496 711 566; x_wconf 82' lang='lat' dir='ltr'>aetate,</span> <span class='ocrx_word' id='word_1_16' title='bbox 736 499 766 548; x_wconf 88' lang='lat' dir='ltr'>et</span> <span class='ocrx_word' id='word_1_17' title='bbox 783 511 847 551; x_wconf 87' lang='lat' dir='ltr'>non</span> <span class='ocrx_word' id='word_1_18' title='bbox 863 489 924 550; x_wconf 86' lang='lat' dir='ltr'>nisi</span> <span class='ocrx_word' id='word_1_19' title='bbox 942 491 991 551; x_wconf 86' lang='lat' dir='ltr'>bis</span> <span class='ocrx_word' id='word_1_20' title='bbox 1012 499 1100 552; x_wconf 81' lang='lat' dir='ltr'>terve</span> 
     </span>
     <span class='ocr_line' id='line_1_4' title="bbox 171 558 1097 705; baseline 0 -21"><span class='ocrx_word' id='word_1_21' title='bbox 171 558 207 621; x_wconf 56' lang='lat' dir='ltr'>m</span> <span class='ocrx_word' id='word_1_22' title='bbox 223 561 374 699; x_wconf 48' lang='lat' dir='ltr'>offis,</span> <span class='ocrx_word' id='word_1_23' title='bbox 389 611 421 686; x_wconf 78' lang='lat' dir='ltr'>ut</span> <span class='ocrx_word' id='word_1_24' title='bbox 438 593 674 705; x_wconf 52' lang='lat' dir='ltr'>mtffisltdffeluu‘</span> <span class='ocrx_word' id='word_1_25' title='bbox 694 631 778 688; x_wconf 84' lang='lat' dir='ltr'>locus</span> <span class='ocrx_word' id='word_1_26' title='bbox 802 633 849 686; x_wconf 90' lang='lat' dir='ltr'>est</span> <span class='ocrx_word' id='word_1_27' title='bbox 872 627 1097 702; x_wconf 79' lang='lat' dir='ltr'>cataplasmati·</span> 
     </span>
     <span class='ocr_line' id='line_1_5' title="bbox 171 696 1099 768; baseline -0.002 -15"><span class='ocrx_word' id='word_1_28' title='bbox 171 697 248 768; x_wconf 84' lang='lat' dir='ltr'>bus,</span> <span class='ocrx_word' id='word_1_29' title='bbox 267 696 457 768; x_wconf 79' lang='lat' dir='ltr'><strong>emplastris,</strong></span> <span class='ocrx_word' id='word_1_30' title='bbox 482 703 532 754; x_wconf 88' lang='lat' dir='ltr'>aut</span> <span class='ocrx_word' id='word_1_31' title='bbox 547 697 731 756; x_wconf 67' lang='lat' dir='ltr'>uestimento</span> <span class='ocrx_word' id='word_1_32' title='bbox 750 697 893 768; x_wconf 89' lang='lat' dir='ltr'>tepidiori</span> <span class='ocrx_word' id='word_1_33' title='bbox 938 697 991 754; x_wconf 85' lang='lat' dir='ltr'>ub&#39;i</span> <span class='ocrx_word' id='word_1_34' title='bbox 1011 702 1099 768; x_wconf 79' lang='lat' dir='ltr'>glan·</span> 
     </span>
     <span class='ocr_line' id='line_1_6' title="bbox 172 737 1101 840; baseline 0.001 -19"><span class='ocrx_word' id='word_1_35' title='bbox 172 767 260 821; x_wconf 82' lang='lat' dir='ltr'>dtrlue</span> <span class='ocrx_word' id='word_1_36' title='bbox 287 774 451 826; x_wconf 85' lang='lat' dir='ltr'>strumosae</span> <span class='ocrx_word' id='word_1_37' title='bbox 475 767 607 824; x_wconf 88' lang='lat' dir='ltr'>nondum</span> <span class='ocrx_word' id='word_1_38' title='bbox 631 774 735 840; x_wconf 86' lang='lat' dir='ltr'>raptae</span> <span class='ocrx_word' id='word_1_39' title='bbox 760 774 842 824; x_wconf 75' lang='lat' dir='ltr'>suant.</span> <span class='ocrx_word' id='word_1_40' title='bbox 894 737 989 822; x_wconf 62' lang='lat' dir='ltr'>l&#39;lolor</span> <span class='ocrx_word' id='word_1_41' title='bbox 1015 766 1101 822; x_wconf 86' lang='lat' dir='ltr'>enim</span> 
     </span>
    </p>
   </div>
   <div class='ocr_carea' id='block_1_3' title="bbox 74 833 1100 916">
    <p class='ocr_par' dir='ltr' id='par_1_3' title="bbox 74 833 1100 916">
     <span class='ocr_line' id='line_1_7' title="bbox 74 833 1100 916; baseline 0.002 -28"><span class='ocrx_word' id='word_1_42' title='bbox 74 854 77 860; x_wconf 91' lang='lat'>·</span> <span class='ocrx_word' id='word_1_43' title='bbox 172 835 265 894; x_wconf 77' lang='lat' dir='ltr'>murlto</span> <span class='ocrx_word' id='word_1_44' title='bbox 290 834 390 890; x_wconf 87' lang='lat' dir='ltr'>levior</span> <span class='ocrx_word' id='word_1_45' title='bbox 414 840 480 904; x_wconf 86' lang='lat' dir='ltr'>est,</span> <span class='ocrx_word' id='word_1_46' title='bbox 513 851 601 916; x_wconf 73' lang='lat' dir='ltr'>qulam</span> <span class='ocrx_word' id='word_1_47' title='bbox 626 841 659 889; x_wconf 90' lang='lat' dir='ltr'>ut</span> <span class='ocrx_word' id='word_1_48' title='bbox 682 835 742 890; x_wconf 91' lang='lat' dir='ltr'>tale</span> <span class='ocrx_word' id='word_1_49' title='bbox 770 833 917 890; x_wconf 84' lang='lat' dir='ltr'>auxilium</span> <span class='ocrx_word' id='word_1_50' title='bbox 940 833 1100 906; x_wconf 80' lang='lat' dir='ltr'>requirat3</span> 
     </span>
    </p>
   </div>
   <div class='ocr_carea' id='block_1_4' title="bbox 114 900 1102 3239">
    <p class='ocr_par' dir='ltr' id='par_1_4' title="bbox 114 900 1102 3239">
     <span class='ocr_line' id='line_1_8' title="bbox 172 900 1100 975; baseline 0.003 -17"><span class='ocrx_word' id='word_1_51' title='bbox 172 910 204 958; x_wconf 91' lang='lat' dir='ltr'>et</span> <span class='ocrx_word' id='word_1_52' title='bbox 234 919 342 975; x_wconf 86' lang='lat' dir='ltr'>parum</span> <span class='ocrx_word' id='word_1_53' title='bbox 371 909 490 959; x_wconf 87' lang='lat' dir='ltr'>constat</span> <span class='ocrx_word' id='word_1_54' title='bbox 517 903 555 958; x_wconf 85' lang='lat' dir='ltr'>ris</span> <span class='ocrx_word' id='word_1_55' title='bbox 583 919 687 960; x_wconf 75' lang='lat' dir='ltr'>inesse</span> <span class='ocrx_word' id='word_1_56' title='bbox 718 900 783 958; x_wconf 84' lang='lat' dir='ltr'>vim</span> <span class='ocrx_word' id='word_1_57' title='bbox 808 904 937 974; x_wconf 78' lang='lat' dir='ltr'><strong>aliquam</strong></span> <span class='ocrx_word' id='word_1_58' title='bbox 964 911 1100 962; x_wconf 89' lang='lat' dir='ltr'>tumores</span> 
     </span>
     <span class='ocr_line' id='line_1_9' title="bbox 172 969 1100 1046; baseline 0 -20"><span class='ocrx_word' id='word_1_59' title='bbox 172 969 362 1028; x_wconf 86' lang='lat' dir='ltr'>discutiendi.</span> <span class='ocrx_word' id='word_1_60' title='bbox 399 970 513 1046; x_wconf 83' lang='lat' dir='ltr'>Quodsi</span> <span class='ocrx_word' id='word_1_61' title='bbox 531 971 600 1044; x_wconf 84' lang='lat' dir='ltr'>quis</span> <span class='ocrx_word' id='word_1_62' title='bbox 624 973 751 1028; x_wconf 90' lang='lat' dir='ltr'>calorem</span> <span class='ocrx_word' id='word_1_63' title='bbox 776 979 805 1028; x_wconf 87' lang='lat' dir='ltr'>et</span> <span class='ocrx_word' id='word_1_64' title='bbox 822 971 956 1028; x_wconf 89' lang='lat' dir='ltr'>remedia</span> <span class='ocrx_word' id='word_1_65' title='bbox 975 971 1100 1028; x_wconf 84' lang='lat' dir='ltr'>extrin-</span> 
     </span>
     <span class='ocr_line' id='line_1_10' title="bbox 170 1039 1101 1121; baseline -0.004 -23"><span class='ocrx_word' id='word_1_66' title='bbox 170 1055 257 1098; x_wconf 82' lang='lat' dir='ltr'>secus</span> <span class='ocrx_word' id='word_1_67' title='bbox 275 1039 416 1094; x_wconf 87' lang='lat' dir='ltr'>adhibeat</span> <span class='ocrx_word' id='word_1_68' title='bbox 438 1057 472 1096; x_wconf 89' lang='lat' dir='ltr'>eo</span> <span class='ocrx_word' id='word_1_69' title='bbox 489 1039 636 1111; x_wconf 87' lang='lat' dir='ltr'>consilio,</span> <span class='ocrx_word' id='word_1_70' title='bbox 662 1047 695 1096; x_wconf 90' lang='lat' dir='ltr'>nt</span> <span class='ocrx_word' id='word_1_71' title='bbox 733 1055 767 1098; x_wconf 88' lang='lat' dir='ltr'>us</span> <span class='ocrx_word' id='word_1_72' title='bbox 791 1047 928 1121; x_wconf 60' lang='lat' dir='ltr'>moveatp</span> <span class='ocrx_word' id='word_1_73' title='bbox 954 1057 1016 1096; x_wconf 89' lang='lat' dir='ltr'>nae</span> <span class='ocrx_word' id='word_1_74' title='bbox 1042 1041 1101 1096; x_wconf 89' lang='lat' dir='ltr'>ille</span> 
     </span>
     <span class='ocr_line' id='line_1_11' title="bbox 171 1058 1101 1180; baseline -0.001 -12"><span class='ocrx_word' id='word_1_75' title='bbox 171 1105 204 1168; x_wconf 82' lang='lat' dir='ltr'>id</span> <span class='ocrx_word' id='word_1_76' title='bbox 222 1109 344 1163; x_wconf 87' lang='lat' dir='ltr'>molitur</span> <span class='ocrx_word' id='word_1_77' title='bbox 370 1107 502 1180; x_wconf 84' lang='lat' dir='ltr'>efficere,</span> <span class='ocrx_word' id='word_1_78' title='bbox 530 1111 610 1180; x_wconf 88' lang='lat' dir='ltr'>qnod</span> <span class='ocrx_word' id='word_1_79' title='bbox 634 1125 673 1166; x_wconf 88' lang='lat' dir='ltr'>ne</span> <span class='ocrx_word' id='word_1_80' title='bbox 705 1058 791 1166; x_wconf 59' lang='lat' dir='ltr'>ieret</span> <span class='ocrx_word' id='word_1_81' title='bbox 820 1125 945 1166; x_wconf 75' lang='lat' dir='ltr'>summm</span> <span class='ocrx_word' id='word_1_82' title='bbox 978 1108 1101 1168; x_wconf 79' lang='lat' dir='ltr'>viribus</span> 
     </span>
     <span class='ocr_line' id='line_1_12' title="bbox 173 1176 1101 1250; baseline 0.001 -19"><span class='ocrx_word' id='word_1_83' title='bbox 173 1179 356 1238; x_wconf 79' lang='lat' dir='ltr'>contendere</span> <span class='ocrx_word' id='word_1_84' title='bbox 375 1179 513 1233; x_wconf 79' lang='lat' dir='ltr'>deberet:</span> <span class='ocrx_word' id='word_1_85' title='bbox 534 1176 732 1250; x_wconf 86' lang='lat' dir='ltr'>nequeenim</span> <span class='ocrx_word' id='word_1_86' title='bbox 751 1185 862 1234; x_wconf 89' lang='lat' dir='ltr'>temere</span> <span class='ocrx_word' id='word_1_87' title='bbox 879 1177 1018 1249; x_wconf 81' lang='lat' dir='ltr'>reperies</span> <span class='ocrx_word' id='word_1_88' title='bbox 1036 1194 1101 1232; x_wconf 89' lang='lat' dir='ltr'>ma·</span> 
     </span>
     <span class='ocr_line' id='line_1_13' title="bbox 121 1243 1102 1318; baseline 0.002 -18"><span class='ocrx_word' id='word_1_89' title='bbox 121 1289 128 1300; x_wconf 90' lang='grc'><strong>.</strong></span> <span class='ocrx_word' id='word_1_90' title='bbox 171 1243 219 1318; x_wconf 78' lang='lat' dir='ltr'>gis</span> <span class='ocrx_word' id='word_1_91' title='bbox 244 1245 409 1311; x_wconf 76' lang='lat' dir='ltr'>irrlaustum</span> <span class='ocrx_word' id='word_1_92' title='bbox 427 1245 524 1315; x_wconf 65' lang='lat' dir='ltr'>⁴hujus</span> <span class='ocrx_word' id='word_1_93' title='bbox 550 1245 646 1302; x_wconf 85' lang='lat' dir='ltr'>morbi</span> <span class='ocrx_word' id='word_1_94' title='bbox 674 1245 804 1302; x_wconf 82' lang='lat' dir='ltr'>exitum.</span> <span class='ocrx_word' id='word_1_95' title='bbox 846 1247 894 1304; x_wconf 86' lang='lat' dir='ltr'>Fit</span> <span class='ocrx_word' id='word_1_96' title='bbox 919 1254 1026 1303; x_wconf 89' lang='lat' dir='ltr'>tamen</span> <span class='ocrx_word' id='word_1_97' title='bbox 1044 1246 1102 1302; x_wconf 88' lang='lat' dir='ltr'>ali·</span> 
     </span>
     <span class='ocr_line' id='line_1_14' title="bbox 174 1314 1102 1388; baseline 0.001 -19"><span class='ocrx_word' id='word_1_98' title='bbox 174 1315 293 1386; x_wconf 71' lang='lat' dir='ltr'>curando</span> <span class='ocrx_word' id='word_1_99' title='bbox 310 1320 341 1368; x_wconf 91' lang='lat' dir='ltr'>ut</span> <span class='ocrx_word' id='word_1_100' title='bbox 359 1316 519 1388; x_wconf 77' lang='lat' dir='ltr'>glandulae</span> <span class='ocrx_word' id='word_1_101' title='bbox 535 1314 664 1370; x_wconf 73' lang='lat' dir='ltr'>¹vitiosae</span> <span class='ocrx_word' id='word_1_102' title='bbox 682 1321 792 1387; x_wconf 82' lang='lat' dir='ltr'>eppote·</span> <span class='ocrx_word' id='word_1_103' title='bbox 815 1332 868 1371; x_wconf 88' lang='lat' dir='ltr'>soa</span> <span class='ocrx_word' id='word_1_104' title='bbox 890 1321 1034 1388; x_wconf 80' lang='lat' dir='ltr'>spectent</span> <span class='ocrx_word' id='word_1_105' title='bbox 1060 1315 1102 1370; x_wconf 87' lang='lat' dir='ltr'>ad</span> 
     </span>
     <span class='ocr_line' id='line_1_15' title="bbox 173 1383 1100 1456; baseline -0.002 -14"><span class='ocrx_word' id='word_1_106' title='bbox 173 1383 439 1456; x_wconf 63' lang='lat' dir='ltr'>suppurationem,</span> <span class='ocrx_word' id='word_1_107' title='bbox 466 1398 554 1454; x_wconf 72' lang='lat' dir='ltr'>utram</span> <span class='ocrx_word' id='word_1_108' title='bbox 576 1386 659 1439; x_wconf 89' lang='lat' dir='ltr'>mdlo</span> <span class='ocrx_word' id='word_1_109' title='bbox 684 1385 773 1440; x_wconf 89' lang='lat' dir='ltr'>modo</span> <span class='ocrx_word' id='word_1_110' title='bbox 798 1384 897 1439; x_wconf 81' lang='lat' dir='ltr'>vitare</span> <span class='ocrx_word' id='word_1_111' title='bbox 924 1383 1013 1440; x_wconf 81' lang='lat' dir='ltr'>licet:</span> <span class='ocrx_word' id='word_1_112' title='bbox 1041 1386 1100 1440; x_wconf 83' lang='lat' dir='ltr'>snb</span> 
     </span>
     <span class='ocr_line' id='line_1_16' title="bbox 197 1451 1100 1523; baseline 0 -13"><span class='ocrx_word' id='word_1_113' title='bbox 197 1469 234 1510; x_wconf 86' lang='lat' dir='ltr'>uo</span> <span class='ocrx_word' id='word_1_114' title='bbox 249 1465 321 1517; x_wconf 59' lang='lat' dir='ltr'>,casu</span> <span class='ocrx_word' id='word_1_115' title='bbox 339 1465 388 1508; x_wconf 86' lang='lat' dir='ltr'>res</span> <span class='ocrx_word' id='word_1_116' title='bbox 407 1459 466 1507; x_wconf 89' lang='lat' dir='ltr'>tota</span> <span class='ocrx_word' id='word_1_117' title='bbox 484 1460 609 1508; x_wconf 86' lang='lat' dir='ltr'>naturae</span> <span class='ocrx_word' id='word_1_118' title='bbox 626 1451 826 1523; x_wconf 85' lang='lat' dir='ltr'>permittenda</span> <span class='ocrx_word' id='word_1_119' title='bbox 845 1460 907 1522; x_wconf 88' lang='lat' dir='ltr'>est,</span> <span class='ocrx_word' id='word_1_120' title='bbox 933 1469 1011 1522; x_wconf 77' lang='lat' dir='ltr'>quoae</span> <span class='ocrx_word' id='word_1_121' title='bbox 1029 1451 1100 1510; x_wconf 84' lang='lat' dir='ltr'>sine</span> 
     </span>
     <span class='ocr_line' id='line_1_17' title="bbox 172 1466 1099 1592; baseline -0.001 -13"><span class='ocrx_word' id='word_1_122' title='bbox 172 1466 254 1580; x_wconf 43' lang='lat' dir='ltr'>gemo</span> <span class='ocrx_word' id='word_1_123' title='bbox 273 1522 322 1576; x_wconf 75' lang='lat' dir='ltr'>&#39;vel</span> <span class='ocrx_word' id='word_1_124' title='bbox 334 1519 457 1582; x_wconf 75' lang='lat' dir='ltr'>‚aratione</span> <span class='ocrx_word' id='word_1_125' title='bbox 475 1521 559 1578; x_wconf 85' lang='lat' dir='ltr'>ulcus</span> <span class='ocrx_word' id='word_1_126' title='bbox 576 1519 636 1578; x_wconf 87' lang='lat' dir='ltr'>rite</span> <span class='ocrx_word' id='word_1_127' title='bbox 653 1519 789 1592; x_wconf 88' lang='lat' dir='ltr'>aperiet,</span> <span class='ocrx_word' id='word_1_128' title='bbox 815 1528 864 1592; x_wconf 88' lang='lat' dir='ltr'>et,</span> <span class='ocrx_word' id='word_1_129' title='bbox 891 1523 981 1575; x_wconf 87' lang='lat' dir='ltr'>modo</span> <span class='ocrx_word' id='word_1_130' title='bbox 998 1521 1099 1578; x_wconf 82' lang='lat' dir='ltr'>lenis·</span> 
     </span>
     <span class='ocr_line' id='line_1_18' title="bbox 173 1587 1100 1718; baseline 0.004 -74"><span class='ocrx_word' id='word_1_131' title='bbox 173 1588 249 1718; x_wconf 51' lang='lat' dir='ltr'>eliano</span> <span class='ocrx_word' id='word_1_132' title='bbox 268 1589 374 1662; x_wconf 84' lang='lat' dir='ltr'>quovis</span> <span class='ocrx_word' id='word_1_133' title='bbox 393 1591 556 1663; x_wconf 88' lang='lat' dir='ltr'>emplastro</span> <span class='ocrx_word' id='word_1_134' title='bbox 574 1595 765 1664; x_wconf 78' lang='lat' dir='ltr'>contegatur,</span> <span class='ocrx_word' id='word_1_135' title='bbox 787 1591 826 1645; x_wconf 87' lang='lat' dir='ltr'>ad</span> <span class='ocrx_word' id='word_1_136' title='bbox 845 1587 1008 1646; x_wconf 87' lang='lat' dir='ltr'>sanitatem</span> <span class='ocrx_word' id='word_1_137' title='bbox 1025 1607 1100 1662; x_wconf 75' lang='lat' dir='ltr'>per·</span> 
     </span>
     <span class='ocr_line' id='line_1_19' title="bbox 196 1665 588 1718; baseline 0.005 -2"><span class='ocrx_word' id='word_1_138' title='bbox 196 1665 270 1716; x_wconf 80' lang='lat' dir='ltr'>treet.</span> <span class='ocrx_word' id='word_1_139' title='bbox 585 1709 588 1718; x_wconf 88' lang='lat'>.</span> 
     </span>
     <span class='ocr_line' id='line_1_20' title="bbox 240 1725 1099 1810; baseline 0.002 -28"><span class='ocrx_word' id='word_1_140' title='bbox 240 1725 498 1785; x_wconf 84' lang='lat' dir='ltr'>inflammationes</span> <span class='ocrx_word' id='word_1_141' title='bbox 515 1729 728 1810; x_wconf 80' lang='lat' dir='ltr'>palpebrarum</span> <span class='ocrx_word' id='word_1_142' title='bbox 747 1733 776 1784; x_wconf 84' lang='lat' dir='ltr'>at</span> <span class='ocrx_word' id='word_1_143' title='bbox 793 1727 945 1788; x_wconf 87' lang='lat' dir='ltr'>oculorum</span> <span class='ocrx_word' id='word_1_144' title='bbox 963 1733 1099 1786; x_wconf 85' lang='lat' dir='ltr'>strumo·</span> 
     </span>
     <span class='ocr_line' id='line_1_21' title="bbox 172 1795 1099 1870; baseline 0 -17"><span class='ocrx_word' id='word_1_145' title='bbox 172 1801 224 1862; x_wconf 77' lang='lat' dir='ltr'>‘sae</span> <span class='ocrx_word' id='word_1_146' title='bbox 242 1795 393 1852; x_wconf 89' lang='lat' dir='ltr'>interdum</span> <span class='ocrx_word' id='word_1_147' title='bbox 418 1797 577 1870; x_wconf 74' lang='lat' dir='ltr'>sanguinis</span> <span class='ocrx_word' id='word_1_148' title='bbox 602 1797 778 1854; x_wconf 85' lang='lat' dir='ltr'>missionem</span> <span class='ocrx_word' id='word_1_149' title='bbox 802 1799 975 1868; x_wconf 82' lang='lat' dir='ltr'>postulant,</span> <span class='ocrx_word' id='word_1_150' title='bbox 1008 1812 1099 1868; x_wconf 84' lang='lat' dir='ltr'>quem</span> 
     </span>
     <span class='ocr_line' id='line_1_22' title="bbox 173 1862 1097 1938; baseline 0 -18"><span class='ocrx_word' id='word_1_151' title='bbox 173 1881 229 1938; x_wconf 91' lang='lat' dir='ltr'>per</span> <span class='ocrx_word' id='word_1_152' title='bbox 246 1862 404 1920; x_wconf 85' lang='lat' dir='ltr'>hirudines</span> <span class='ocrx_word' id='word_1_153' title='bbox 422 1867 579 1922; x_wconf 77' lang='lat' dir='ltr'>detrahere</span> <span class='ocrx_word' id='word_1_154' title='bbox 598 1863 919 1930; x_wconf 75' lang='lat' dir='ltr'>convenientissimum</span> <span class='ocrx_word' id='word_1_155' title='bbox 939 1871 1006 1935; x_wconf 66' lang='lat' dir='ltr'>esur</span> <span class='ocrx_word' id='word_1_156' title='bbox 1027 1881 1097 1938; x_wconf 83' lang='lat' dir='ltr'>qna·</span> 
     </span>
     <span class='ocr_line' id='line_1_23' title="bbox 172 1933 1090 2006; baseline -0.002 -18"><span class='ocrx_word' id='word_1_157' title='bbox 172 1939 242 1995; x_wconf 84' lang='lat' dir='ltr'>tuot</span> <span class='ocrx_word' id='word_1_158' title='bbox 259 1935 310 1988; x_wconf 80' lang='lat' dir='ltr'>vel</span> <span class='ocrx_word' id='word_1_159' title='bbox 335 1935 438 2006; x_wconf 89' lang='lat' dir='ltr'>plures</span> <span class='ocrx_word' id='word_1_160' title='bbox 461 1934 646 2006; x_wconf 77' lang='lat' dir='ltr'>temporibus</span> <span class='ocrx_word' id='word_1_161' title='bbox 668 1939 739 1992; x_wconf 74' lang='lat' dir='ltr'>stunt</span> <span class='ocrx_word' id='word_1_162' title='bbox 759 1933 967 1990; x_wconf 85' lang='lat' dir='ltr'>admovendae</span> <span class='ocrx_word' id='word_1_163' title='bbox 991 1939 1090 2005; x_wconf 81' lang='lat' dir='ltr'>quarto</span> 
     </span>
     <span class='ocr_line' id='line_1_24' title="bbox 173 2000 1093 2077; baseline -0.003 -20"><span class='ocrx_word' id='word_1_164' title='bbox 173 2003 224 2064; x_wconf 82' lang='lat' dir='ltr'>vel</span> <span class='ocrx_word' id='word_1_165' title='bbox 247 2000 374 2072; x_wconf 85' lang='lat' dir='ltr'>septimo</span> <span class='ocrx_word' id='word_1_166' title='bbox 398 2020 514 2072; x_wconf 80' lang='lat' dir='ltr'>quoque</span> <span class='ocrx_word' id='word_1_167' title='bbox 538 2003 606 2076; x_wconf 84' lang='lat' dir='ltr'>die,</span> <span class='ocrx_word' id='word_1_168' title='bbox 633 2001 825 2062; x_wconf 73' lang='lat' dir='ltr'>immensam</span> <span class='ocrx_word' id='word_1_169' title='bbox 849 2001 1025 2077; x_wconf 80' lang='lat' dir='ltr'>integrum,</span> <span class='ocrx_word' id='word_1_170' title='bbox 1048 2001 1093 2058; x_wconf 73' lang='lat' dir='ltr'>rel</span> 
     </span>
     <span class='ocr_line' id='line_1_25' title="bbox 172 2067 1096 2144; baseline 0.003 -20"><span class='ocrx_word' id='word_1_171' title='bbox 172 2067 295 2142; x_wconf 70' lang='lat' dir='ltr'>dilutius.</span> <span class='ocrx_word' id='word_1_172' title='bbox 344 2071 478 2128; x_wconf 85' lang='lat' dir='ltr'>Plurima</span> <span class='ocrx_word' id='word_1_173' title='bbox 506 2072 633 2144; x_wconf 82' lang='lat' dir='ltr'>collyria</span> <span class='ocrx_word' id='word_1_174' title='bbox 652 2073 844 2129; x_wconf 84' lang='lat' dir='ltr'>celebrantur</span> <span class='ocrx_word' id='word_1_175' title='bbox 861 2079 890 2126; x_wconf 91' lang='lat' dir='ltr'>et</span> <span class='ocrx_word' id='word_1_176' title='bbox 906 2073 1052 2143; x_wconf 76' lang='lat' dir='ltr'>veterum</span> <span class='ocrx_word' id='word_1_177' title='bbox 1068 2073 1096 2126; x_wconf 83' lang='lat' dir='ltr'>et</span> 
     </span>
     <span class='ocr_line' id='line_1_26' title="bbox 170 2134 1097 2265; baseline 0 -71"><span class='ocrx_word' id='word_1_178' title='bbox 170 2134 376 2194; x_wconf 67' lang='lat' dir='ltr'>recentiorum</span> <span class='ocrx_word' id='word_1_179' title='bbox 401 2136 584 2196; x_wconf 82' lang='lat' dir='ltr'>medicorum</span> <span class='ocrx_word' id='word_1_180' title='bbox 608 2139 750 2212; x_wconf 78' lang='lat' dir='ltr'>seriptis,</span> <span class='ocrx_word' id='word_1_181' title='bbox 782 2156 858 2262; x_wconf 35' lang='lat' dir='ltr'>utrae</span> <span class='ocrx_word' id='word_1_182' title='bbox 884 2137 986 2265; x_wconf 41' lang='lat' dir='ltr'>octab&amp;</span> <span class='ocrx_word' id='word_1_183' title='bbox 1011 2153 1097 2210; x_wconf 85' lang='lat' dir='ltr'>spem</span> 
     </span>
     <span class='ocr_line' id='line_1_27' title="bbox 134 2204 1097 2280; baseline 0.002 -18"><span class='ocrx_word' id='word_1_184' title='bbox 134 2263 139 2272; x_wconf 36' lang='lat' dir='ltr'><em>s</em></span> <span class='ocrx_word' id='word_1_185' title='bbox 173 2224 271 2264; x_wconf 86' lang='lat' dir='ltr'>meam</span> <span class='ocrx_word' id='word_1_186' title='bbox 288 2209 467 2279; x_wconf 88' lang='lat' dir='ltr'>plerumque</span> <span class='ocrx_word' id='word_1_187' title='bbox 486 2209 699 2270; x_wconf 86' lang='lat' dir='ltr'>destituerunt.</span> <span class='ocrx_word' id='word_1_188' title='bbox 744 2204 894 2280; x_wconf 87' lang='lat' dir='ltr'>Opimum</span> <span class='ocrx_word' id='word_1_189' title='bbox 919 2223 955 2270; x_wconf 82' lang='lat' dir='ltr'>au</span> <span class='ocrx_word' id='word_1_190' title='bbox 973 2215 1023 2264; x_wconf 82' lang='lat' dir='ltr'>ern</span> <span class='ocrx_word' id='word_1_191' title='bbox 1048 2218 1097 2264; x_wconf 66' lang='lat' dir='ltr'>rerl</span> 
     </span>
     <span class='ocr_line' id='line_1_28' title="bbox 173 2274 1099 2348; baseline 0.001 -16"><span class='ocrx_word' id='word_1_192' title='bbox 173 2275 325 2346; x_wconf 85' lang='lat' dir='ltr'>medium,</span> <span class='ocrx_word' id='word_1_193' title='bbox 342 2284 374 2331; x_wconf 89' lang='lat' dir='ltr'>nt</span> <span class='ocrx_word' id='word_1_194' title='bbox 392 2278 468 2331; x_wconf 90' lang='lat' dir='ltr'>mihi</span> <span class='ocrx_word' id='word_1_195' title='bbox 487 2277 628 2348; x_wconf 83' lang='lat' dir='ltr'>videtur,</span> <span class='ocrx_word' id='word_1_196' title='bbox 655 2277 872 2334; x_wconf 78' lang='lat' dir='ltr'>adlevandum</span> <span class='ocrx_word' id='word_1_197' title='bbox 891 2274 1051 2348; x_wconf 85' lang='lat' dir='ltr'>dolorem,</span> <span class='ocrx_word' id='word_1_198' title='bbox 1068 2281 1099 2332; x_wconf 83' lang='lat' dir='ltr'>et</span> 
     </span>
     <span class='ocr_line' id='line_1_29' title="bbox 172 2343 1099 2418; baseline 0 -18"><span class='ocrx_word' id='word_1_199' title='bbox 172 2345 212 2400; x_wconf 86' lang='lat' dir='ltr'>ad</span> <span class='ocrx_word' id='word_1_200' title='bbox 229 2343 490 2401; x_wconf 85' lang='lat' dir='ltr'>inflammationem</span> <span class='ocrx_word' id='word_1_201' title='bbox 508 2345 715 2418; x_wconf 79' lang='lat' dir='ltr'>mitigandam,</span> <span class='ocrx_word' id='word_1_202' title='bbox 734 2351 780 2402; x_wconf 89' lang='lat' dir='ltr'>est</span> <span class='ocrx_word' id='word_1_203' title='bbox 798 2348 980 2413; x_wconf 77' lang='lat' dir='ltr'>cataplasma</span> <span class='ocrx_word' id='word_1_204' title='bbox 995 2361 1039 2402; x_wconf 81' lang='lat' dir='ltr'>ex</span> <span class='ocrx_word' id='word_1_205' title='bbox 1049 2344 1099 2400; x_wconf 87' lang='lat' dir='ltr'>in·</span> 
     </span>
     <span class='ocr_line' id='line_1_30' title="bbox 172 2411 1097 2486; baseline -0.003 -14"><span class='ocrx_word' id='word_1_206' title='bbox 172 2413 286 2472; x_wconf 83' lang='lat' dir='ltr'>teriora</span> <span class='ocrx_word' id='word_1_207' title='bbox 304 2422 389 2485; x_wconf 88' lang='lat' dir='ltr'>parte</span> <span class='ocrx_word' id='word_1_208' title='bbox 415 2413 521 2486; x_wconf 87' lang='lat' dir='ltr'>panis,</span> <span class='ocrx_word' id='word_1_209' title='bbox 551 2417 643 2471; x_wconf 78' lang='lat' dir='ltr'>vele</span> <span class='ocrx_word' id='word_1_210' title='bbox 668 2413 831 2471; x_wconf 87' lang='lat' dir='ltr'>seminibus</span> <span class='ocrx_word' id='word_1_211' title='bbox 857 2411 913 2468; x_wconf 87' lang='lat' dir='ltr'>lini</span> <span class='ocrx_word' id='word_1_212' title='bbox 941 2413 1097 2484; x_wconf 86' lang='lat' dir='ltr'>contritis,</span> 
     </span>
     <span class='ocr_line' id='line_1_31' title="bbox 170 2479 1098 2555; baseline 0.002 -19"><span class='ocrx_word' id='word_1_213' title='bbox 170 2481 285 2552; x_wconf 89' lang='lat' dir='ltr'>duplici</span> <span class='ocrx_word' id='word_1_214' title='bbox 311 2481 404 2539; x_wconf 91' lang='lat' dir='ltr'>linteo</span> <span class='ocrx_word' id='word_1_215' title='bbox 432 2483 582 2539; x_wconf 87' lang='lat' dir='ltr'>inclusum</span> <span class='ocrx_word' id='word_1_216' title='bbox 606 2490 637 2540; x_wconf 88' lang='lat' dir='ltr'>et</span> <span class='ocrx_word' id='word_1_217' title='bbox 661 2499 752 2555; x_wconf 86' lang='lat' dir='ltr'>super</span> <span class='ocrx_word' id='word_1_218' title='bbox 777 2479 880 2538; x_wconf 86' lang='lat' dir='ltr'>oculos</span> <span class='ocrx_word' id='word_1_219' title='bbox 905 2481 1098 2554; x_wconf 79' lang='lat' dir='ltr'>impositum.</span> 
     </span>
     <span class='ocr_line' id='line_1_32' title="bbox 171 2550 1100 2674; baseline -0.003 -66"><span class='ocrx_word' id='word_1_220' title='bbox 171 2550 329 2608; x_wconf 85' lang='lat' dir='ltr'>Neminem</span> <span class='ocrx_word' id='word_1_221' title='bbox 347 2551 495 2623; x_wconf 87' lang='lat' dir='ltr'>poenituit</span> <span class='ocrx_word' id='word_1_222' title='bbox 522 2551 675 2674; x_wconf 52' lang='lat' dir='ltr'>marfiues</span> <span class='ocrx_word' id='word_1_223' title='bbox 697 2553 912 2632; x_wconf 77' lang='lat' dir='ltr'>palpebrarum</span> <span class='ocrx_word' id='word_1_224' title='bbox 937 2554 1100 2606; x_wconf 78' lang='lat' dir='ltr'>exulcera-</span> 
     </span>
     <span class='ocr_line' id='line_1_33' title="bbox 174 2617 1099 2691; baseline 0 -15"><span class='ocrx_word' id='word_1_225' title='bbox 174 2626 271 2676; x_wconf 86' lang='lat' dir='ltr'>torum</span> <span class='ocrx_word' id='word_1_226' title='bbox 295 2619 381 2690; x_wconf 88' lang='lat' dir='ltr'>adipe</span> <span class='ocrx_word' id='word_1_227' title='bbox 405 2621 494 2677; x_wconf 72' lang='lat' dir='ltr'>salillo</span> <span class='ocrx_word' id='word_1_228' title='bbox 521 2637 586 2676; x_wconf 88' lang='lat' dir='ltr'>emo</span> <span class='ocrx_word' id='word_1_229' title='bbox 602 2619 656 2676; x_wconf 93' lang='lat' dir='ltr'>lito</span> <span class='ocrx_word' id='word_1_230' title='bbox 679 2617 809 2691; x_wconf 76' lang='lat' dir='ltr'>singulis</span> <span class='ocrx_word' id='word_1_231' title='bbox 836 2619 978 2674; x_wconf 88' lang='lat' dir='ltr'>noctibus</span> <span class='ocrx_word' id='word_1_232' title='bbox 1006 2619 1099 2676; x_wconf 86' lang='lat' dir='ltr'>inun-</span> 
     </span>
     <span class='ocr_line' id='line_1_34' title="bbox 172 2685 1099 2762; baseline 0 -18"><span class='ocrx_word' id='word_1_233' title='bbox 172 2705 262 2762; x_wconf 80' lang='lat' dir='ltr'>gere3</span> <span class='ocrx_word' id='word_1_234' title='bbox 292 2691 373 2758; x_wconf 82' lang='lat' dir='ltr'>qrrod</span> <span class='ocrx_word' id='word_1_235' title='bbox 397 2687 456 2745; x_wconf 85' lang='lat' dir='ltr'>nisi</span> <span class='ocrx_word' id='word_1_236' title='bbox 482 2687 551 2758; x_wconf 85' lang='lat' dir='ltr'>fiat,</span> <span class='ocrx_word' id='word_1_237' title='bbox 578 2691 743 2758; x_wconf 82' lang='lat' dir='ltr'>palpebrae</span> <span class='ocrx_word' id='word_1_238' title='bbox 768 2686 827 2744; x_wconf 87' lang='lat' dir='ltr'>sibi</span> <span class='ocrx_word' id='word_1_239' title='bbox 852 2685 983 2742; x_wconf 84' lang='lat' dir='ltr'>invicem</span> <span class='ocrx_word' id='word_1_240' title='bbox 1009 2693 1099 2744; x_wconf 83' lang='lat' dir='ltr'>noctu</span> 
     </span>
     <span class='ocr_line' id='line_1_35' title="bbox 171 2755 1098 2829; baseline -0.002 -15"><span class='ocrx_word' id='word_1_241' title='bbox 171 2756 453 2829; x_wconf 74' lang='lat' dir='ltr'>agglutiualumlur,</span> <span class='ocrx_word' id='word_1_242' title='bbox 469 2765 499 2812; x_wconf 89' lang='lat' dir='ltr'>et</span> <span class='ocrx_word' id='word_1_243' title='bbox 511 2757 542 2814; x_wconf 79' lang='lat' dir='ltr'>&#39;vi</span> <span class='ocrx_word' id='word_1_244' title='bbox 556 2760 687 2828; x_wconf 87' lang='lat' dir='ltr'>quadam</span> <span class='ocrx_word' id='word_1_245' title='bbox 700 2773 786 2811; x_wconf 89' lang='lat' dir='ltr'>mane</span> <span class='ocrx_word' id='word_1_246' title='bbox 799 2755 982 2820; x_wconf 84' lang='lat' dir='ltr'>diducendae</span> <span class='ocrx_word' id='word_1_247' title='bbox 995 2761 1098 2828; x_wconf 87' lang='lat' dir='ltr'>erunt,</span> 
     </span>
     <span class='ocr_line' id='line_1_36' title="bbox 174 2824 1077 2882; baseline -0.002 0"><span class='ocrx_word' id='word_1_248' title='bbox 174 2843 241 2882; x_wconf 90' lang='lat' dir='ltr'>cnm</span> <span class='ocrx_word' id='word_1_249' title='bbox 260 2824 371 2881; x_wconf 86' lang='lat' dir='ltr'>doloris</span> <span class='ocrx_word' id='word_1_250' title='bbox 390 2834 420 2880; x_wconf 90' lang='lat' dir='ltr'>et</span> <span class='ocrx_word' id='word_1_251' title='bbox 437 2824 628 2882; x_wconf 89' lang='lat' dir='ltr'>ulcerationis</span> <span class='ocrx_word' id='word_1_252' title='bbox 646 2825 843 2882; x_wconf 87' lang='lat' dir='ltr'>incremento.</span> <span class='ocrx_word' id='word_1_253' title='bbox 1072 2867 1077 2880; x_wconf 86' lang='lat'><strong><em>.</em></strong></span> 
     </span>
     <span class='ocr_line' id='line_1_37' title="bbox 242 2889 1101 2966; baseline -0.005 -14"><span class='ocrx_word' id='word_1_254' title='bbox 242 2893 466 2952; x_wconf 84' lang='lat' dir='ltr'>Medicamenta</span> <span class='ocrx_word' id='word_1_255' title='bbox 482 2911 523 2950; x_wconf 86' lang='lat' dir='ltr'>ex</span> <span class='ocrx_word' id='word_1_256' title='bbox 540 2900 665 2966; x_wconf 80' lang='lat' dir='ltr'>argento</span> <span class='ocrx_word' id='word_1_257' title='bbox 681 2894 752 2950; x_wconf 81' lang='lat' dir='ltr'>vivo</span> <span class='ocrx_word' id='word_1_258' title='bbox 770 2900 840 2948; x_wconf 91' lang='lat' dir='ltr'>sunt</span> <span class='ocrx_word' id='word_1_259' title='bbox 859 2891 959 2948; x_wconf 86' lang='lat' dir='ltr'>aliena</span> <span class='ocrx_word' id='word_1_260' title='bbox 972 2889 1010 2948; x_wconf 85' lang='lat' dir='ltr'>in</span> <span class='ocrx_word' id='word_1_261' title='bbox 1022 2909 1101 2949; x_wconf 81' lang='lat' dir='ltr'>mor·</span> 
     </span>
     <span class='ocr_line' id='line_1_38' title="bbox 158 2959 1101 3034; baseline -0.004 -14"><span class='ocrx_word' id='word_1_262' title='bbox 158 2962 223 3020; x_wconf 83' lang='lat' dir='ltr'>&#39;bis</span> <span class='ocrx_word' id='word_1_263' title='bbox 240 2960 416 3019; x_wconf 72' lang='lat' dir='ltr'>strumosisr</span> <span class='ocrx_word' id='word_1_264' title='bbox 443 2969 473 3018; x_wconf 88' lang='lat' dir='ltr'>et</span> <span class='ocrx_word' id='word_1_265' title='bbox 491 2961 594 3018; x_wconf 88' lang='lat' dir='ltr'>nescio</span> <span class='ocrx_word' id='word_1_266' title='bbox 613 2979 651 3018; x_wconf 89' lang='lat' dir='ltr'>an</span> <span class='ocrx_word' id='word_1_267' title='bbox 670 2961 703 3017; x_wconf 89' lang='lat' dir='ltr'>bi</span> <span class='ocrx_word' id='word_1_268' title='bbox 721 2959 879 3034; x_wconf 86' lang='lat' dir='ltr'>praecipue</span> <span class='ocrx_word' id='word_1_269' title='bbox 896 2959 1101 3017; x_wconf 82' lang='lat' dir='ltr'>intendantur</span> 
     </span>
     <span class='ocr_line' id='line_1_39' title="bbox 173 3026 1102 3102; baseline -0.004 -14"><span class='ocrx_word' id='word_1_270' title='bbox 173 3031 256 3088; x_wconf 82' lang='lat' dir='ltr'>altre</span> <span class='ocrx_word' id='word_1_271' title='bbox 275 3045 425 3100; x_wconf 77' lang='lat' dir='ltr'>venerea,</span> <span class='ocrx_word' id='word_1_272' title='bbox 450 3039 573 3102; x_wconf 83' lang='lat' dir='ltr'>propter</span> <span class='ocrx_word' id='word_1_273' title='bbox 594 3029 726 3087; x_wconf 86' lang='lat' dir='ltr'>remedia</span> <span class='ocrx_word' id='word_1_274' title='bbox 750 3031 786 3085; x_wconf 91' lang='lat' dir='ltr'>ad</span> <span class='ocrx_word' id='word_1_275' title='bbox 805 3026 893 3098; x_wconf 83' lang='lat' dir='ltr'>hrrjus</span> <span class='ocrx_word' id='word_1_276' title='bbox 911 3029 1102 3086; x_wconf 78' lang='lat' dir='ltr'>orarationem</span> 
     </span>
     <span class='ocr_line' id='line_1_40' title="bbox 114 3097 1100 3171; baseline -0.005 -13"><span class='ocrx_word' id='word_1_277' title='bbox 114 3124 117 3130; x_wconf 94' lang='lat'>·</span> <span class='ocrx_word' id='word_1_278' title='bbox 171 3100 357 3158; x_wconf 84' lang='lat' dir='ltr'>necessaria.</span> <span class='ocrx_word' id='word_1_279' title='bbox 399 3099 526 3156; x_wconf 82' lang='lat' dir='ltr'>Levatio</span> <span class='ocrx_word' id='word_1_280' title='bbox 552 3099 586 3153; x_wconf 90' lang='lat' dir='ltr'>in</span> <span class='ocrx_word' id='word_1_281' title='bbox 610 3098 707 3169; x_wconf 86' lang='lat' dir='ltr'>mari,</span> <span class='ocrx_word' id='word_1_282' title='bbox 734 3105 821 3171; x_wconf 85' lang='lat' dir='ltr'>potus</span> <span class='ocrx_word' id='word_1_283' title='bbox 838 3111 930 3168; x_wconf 79' lang='lat' dir='ltr'>aqrrae</span> <span class='ocrx_word' id='word_1_284' title='bbox 948 3097 1100 3168; x_wconf 85' lang='lat' dir='ltr'>marinae,</span> 
     </span>
     <span class='ocr_line' id='line_1_41' title="bbox 171 3163 1102 3239; baseline -0.006 -14"><span class='ocrx_word' id='word_1_285' title='bbox 171 3185 278 3226; x_wconf 81' lang='lat' dir='ltr'>succus</span> <span class='ocrx_word' id='word_1_286' title='bbox 301 3169 447 3239; x_wconf 86' lang='lat' dir='ltr'>spissatus</span> <span class='ocrx_word' id='word_1_287' title='bbox 473 3167 604 3236; x_wconf 81' lang='lat' dir='ltr'>cicutae,</span> <span class='ocrx_word' id='word_1_288' title='bbox 631 3173 737 3222; x_wconf 86' lang='lat' dir='ltr'>cortex</span> <span class='ocrx_word' id='word_1_289' title='bbox 760 3163 943 3238; x_wconf 83' lang='lat' dir='ltr'>peruvianus</span> <span class='ocrx_word' id='word_1_290' title='bbox 966 3169 1021 3222; x_wconf 81' lang='lat' dir='ltr'>vel</span> <span class='ocrx_word' id='word_1_291' title='bbox 1044 3181 1102 3237; x_wconf 88' lang='lat' dir='ltr'>per</span> 
     </span>
    </p>
   </div>
   <div class='ocr_carea' id='block_1_5' title="bbox 172 3231 1103 3450">
    <p class='ocr_par' dir='ltr' id='par_1_5' title="bbox 172 3231 1103 3450">
     <span class='ocr_line' id='line_1_42' title="bbox 173 3231 1103 3356; baseline -0.004 -64"><span class='ocrx_word' id='word_1_292' title='bbox 173 3251 208 3292; x_wconf 85' lang='lat' dir='ltr'>se</span> <span class='ocrx_word' id='word_1_293' title='bbox 226 3239 274 3292; x_wconf 82' lang='lat' dir='ltr'>vel</span> <span class='ocrx_word' id='word_1_294' title='bbox 292 3254 334 3294; x_wconf 84' lang='lat' dir='ltr'>ex</span> <span class='ocrx_word' id='word_1_295' title='bbox 352 3235 436 3307; x_wconf 87' lang='lat' dir='ltr'>aquis</span> <span class='ocrx_word' id='word_1_296' title='bbox 455 3235 651 3307; x_wconf 78' lang='lat' dir='ltr'>purgantibus</span> <span class='ocrx_word' id='word_1_297' title='bbox 670 3235 774 3304; x_wconf 88' lang='lat' dir='ltr'>datus,</span> <span class='ocrx_word' id='word_1_298' title='bbox 799 3231 922 3356; x_wconf 56' lang='lat' dir='ltr'>sponffia</span> <span class='ocrx_word' id='word_1_299' title='bbox 940 3242 1028 3304; x_wconf 85' lang='lat' dir='ltr'>usta,</span> <span class='ocrx_word' id='word_1_300' title='bbox 1053 3234 1103 3290; x_wconf 85' lang='lat' dir='ltr'>sal</span> 
     </span>
     <span class='ocr_line' id='line_1_43' title="bbox 172 3302 1100 3381; baseline 0 -23"><span class='ocrx_word' id='word_1_301' title='bbox 172 3305 276 3373; x_wconf 88' lang='lat' dir='ltr'>sodae,</span> <span class='ocrx_word' id='word_1_302' title='bbox 301 3303 452 3374; x_wconf 74' lang='lat' dir='ltr'>fonticuli,</span> <span class='ocrx_word' id='word_1_303' title='bbox 471 3310 500 3360; x_wconf 89' lang='lat' dir='ltr'>et</span> <span class='ocrx_word' id='word_1_304' title='bbox 516 3302 592 3359; x_wconf 89' lang='lat' dir='ltr'>aliae</span> <span class='ocrx_word' id='word_1_305' title='bbox 610 3303 869 3381; x_wconf 46' lang='lat' dir='ltr'>exulcerationes·</span> <span class='ocrx_word' id='word_1_306' title='bbox 894 3307 1100 3372; x_wconf 63' lang='lat' dir='ltr'>sarsenatae,</span> 
     </span>
     <span class='ocr_line' id='line_1_44' title="bbox 175 3369 1100 3450; baseline -0.006 -18"><span class='ocrx_word' id='word_1_307' title='bbox 175 3378 246 3450; x_wconf 72' lang='lat' dir='ltr'>tunt</span> <span class='ocrx_word' id='word_1_308' title='bbox 263 3371 362 3443; x_wconf 85' lang='lat' dir='ltr'>praeci</span> <span class='ocrx_word' id='word_1_309' title='bbox 365 3389 424 3444; x_wconf 90' lang='lat' dir='ltr'>pua</span> <span class='ocrx_word' id='word_1_310' title='bbox 443 3371 585 3430; x_wconf 84' lang='lat' dir='ltr'>strumosi</span> <span class='ocrx_word' id='word_1_311' title='bbox 601 3369 722 3427; x_wconf 86' lang='lat' dir='ltr'>habitus</span> <span class='ocrx_word' id='word_1_312' title='bbox 740 3372 905 3444; x_wconf 68' lang='lat' dir='ltr'>praesultor</span> <span class='ocrx_word' id='word_1_313' title='bbox 930 3385 1011 3440; x_wconf 71' lang='lat' dir='ltr'>quiae</span> <span class='ocrx_word' id='word_1_314' title='bbox 1029 3369 1100 3442; x_wconf 83' lang='lat' dir='ltr'>qui·</span> 
     </span>
    </p>
   </div>
   <div class='ocr_carea' id='block_1_6' title="bbox 0 0 1162 3892">
    <p class='ocr_par' dir='ltr' id='par_1_6' title="bbox 0 0 1162 3892">
     <span class='ocr_line' id='line_1_45' title="bbox 0 0 1162 3892; baseline 0 0"><span class='ocrx_word' id='word_1_315' title='bbox 0 0 1162 3892; x_wconf 95' lang='lat' dir='ltr'> </span> 
     </span>
    </p>
   </div>
  </div>
 </body>
</html>
