2316 3892
246 289 322 364 Gap.
337 289 562 352 LXXXVII.
596 291 788 354 Doara-rmore.
927 290 983 361 lid

45 449 79 504 in
106 451 285 516 senectute,
310 449 342 502 et
362 461 422 502 nou
444 444 597 505 immerito
619 445 751 506 forsitan
766 445 802 518 in
821 445 909 510 malis
927 465 979 510 aas

47 513 185 572 thriticis
203 521 397 570 numeratum
414 511 483 570 init.
727 519 730 526 “
894 518 898 530 ’

118 585 280 640 Adversus
303 581 521 656 stranguriam,
554 588 586 638 ut
611 578 683 640 mihi
706 581 825 640 videtur
867 597 978 660 parum

48 649 137 710 utilia
156 659 227 708 sunt
244 667 318 724 quae
335 651 418 708 intus
436 658 605 734 asumuntur.
649 649 738 716 Haud
762 621 855 711 valde
881 669 976 736 nega-

47 721 150 779 verim
178 723 278 776 oleum
305 727 336 774 et
360 720 474 792 gummi
501 721 653 775 arabicum
685 720 900 791 aliquantulum
929 735 976 796 Ju-

49 805 142 861 vare;
168 790 332 860 camphora
351 796 469 858 autem,
489 789 652 860 pariterue
670 788 730 844 alle
748 789 889 852 resinosa,
921 807 975 862 ap·

48 859 109 918 tior
128 863 177 914 est
194 859 231 914 ad
244 873 309 912 earn
322 857 515 928 gignendam,
535 873 625 940 quam
639 858 678 912 ad
690 859 865 914 tollendam.
888 873 891 878 ·
921 875 977 924 vas

47 927 113 986 ursi
133 927 219 982 vires
237 928 274 980 ad
292 927 371 980 hunc
388 925 525 980 affectum
543 931 677 980 incertae
695 933 781 994 suut3
816 943 912 998 neque
933 935 976 984 ta-

48 1011 118 1054 men
148 993 339 1050 diffitendum
364 1001 410 1050 est
426 995 505 1049 hanc
529 995 652 1050 herbam
676 997 894 1064 quodammodo
911 996 976 1059 affi-

49 1081 119 1124 cere
137 1079 230 1135 posse
247 1061 322 1117 istas
341 1063 608 1134 eorporispartes,
634 1077 709 1134 quiae
728 1063 847 1118 urinam
866 1079 975 1122 excer-

48 1139 146 1200 nunt;
170 1130 283 1188 etenim
302 1147 368 1187 eum
386 1147 476 1202 saepe
495 1133 565 1194 data
583 1139 663 1186 esset
680 1130 796 1187 cuidam
814 1133 975 1206 calculoso,

47 1201 173 1260 urinam
192 1201 257 1271 ejus
275 1215 392 1271 semper
408 1199 517 1255 infecit
534 1201 633 1254 colore
650 1197 753 1256 viridi.
786 1201 897 1258 Urinae
915 1201 975 1258 dif-

48 1270 215 1330 ficultatem
226 1285 242 1324 a
253 1268 394 1325 venereis
405 1268 494 1323 malis
512 1275 609 1324 ortam
627 1270 764 1324 candelae
778 1267 809 1324 in
824 1267 976 1328 urethrain

48 1338 207 1398 inmissae
223 1339 349 1394 multum
366 1339 471 1394 levant
488 1335 598 1408 potius,
617 1353 705 1408 quiam
724 1338 845 1396 tollunt.
871 1341 975 1398 Oleum

48 1405 82 1466 in
99 1407 262 1464 urethram
279 1405 433 1478 inlusum,
459 1421 555 1486 vapor
578 1421 673 1476 aquae
697 1405 812 1461 calidae
829 1406 975 1464 naturaliss

48 1477 105 1535 burs
120 1480 279 1546 exceptus,
297 1473 430 1530 fomenta
447 1475 559 1546 tepida,
579 1479 610 1528 et
627 1473 811 1530 emollientia
832 1475 975 1558 perinaeo

50 1553 79 1602 et
97 1543 177 1618 pubi
196 1545 331 1616 admota,
363 1558 455 1614 saepe
474 1541 561 1598 utilia
579 1543 703 1598 luerunt
721 1543 759 1597 ad
777 1543 975 1616 mingendum

49 1615 129 1672 bunc
148 1615 296 1668 dolorem.
331 1610 493 1684 Optimum
510 1627 585 1666 vero
602 1609 768 1666 remedium
787 1619 851 1683 est,
876 1612 975 1694 aquae

49 1681 168 1756 tepidae
187 1681 292 1736 uncias
310 1695 369 1738 sex
388 1696 454 1735 cum
472 1679 620 1736 tincturae
647 1678 707 1752 opii
755 1678 827 1736 uttis
853 1679 961 1754 viganti

51 1754 113 1824 rel,
132 1754 160 1807 si
180 1767 255 1822 opus
273 1748 325 1822 sil,
344 1749 517 1822 sexaginta,
535 1746 565 1802 in
586 1751 688 1803 alvum
700 1695 877 1820 infundere3
896 1721 976 1820 quood

51 1815 315 1890 exoptatissimum
340 1819 466 1889 praebet
491 1815 631 1874 solatium
656 1817 688 1872 in
712 1815 891 1888 affectibus,
920 1819 974 1890 qni

53 1891 120 1947 licet
140 1885 205 1944 sint
219 1885 420 1957 insanabiles,
438 1885 536 1942 levari
555 1892 656 1948 tamen
667 1887 706 1942 ad
719 1887 812 1943 breue
826 1885 974 1960 quoddam

51 1963 170 2030 tempus
188 1972 250 2013 non
269 1961 418 2013 recusant.

412 2111 609 2130 mun—*nomu-

317 2231 384 2290 GA
400 2233 435 2288 Ρ.
481 2231 705 2292 nxxxvll.

412 2367 463 2424 De
479 2378 607 2428 strumo.

47 2453 121 2563 Ine
147 2501 283 2574 corporis
304 2503 428 2558 habitus
455 2499 621 2576 appellatur
643 2510 829 2572 atrurnosus,
858 2501 889 2556 in
913 2519 971 2572 qrro

45 2572 209 2694 ᾗΙαιιιΙιιΙειε
227 2572 425 2644 lymphatieae
443 2577 561 2628 tument
585 2587 650 2626 cnm
676 2569 789 2642 exiguo
812 2573 864 2624 vel
887 2573 970 2627 nullo

66 2639 161 2696 oloris
180 2655 281 2696 sensu.
322 2643 386 2696 Hoc
403 2639 437 2695 fit
454 2637 627 2712 saepissime
645 2637 676 2693 in
694 2641 790 2709 collo,
821 2637 972 2694 interdum

43 2708 78 2764 ln
101 2706 225 2789 axillis,
248 2706 345 2764 rarius
363 2709 396 2764 in
414 2709 551 2781 inguine.
588 2709 756 2772 Glandulae
774 2723 889 2778 quoqne
907 2725 970 2764 rne-

1 2781 2 2788 ’
43 2774 173 2834 senterii
193 2777 290 2832 erdem
309 2777 386 2833 vitio
404 2785 591 2860 opportunae
610 2783 691 2846 siunt,
712 2781 742 2832 et
759 2775 888 2832 lor-tasse
907 2793 969 2830 om-

1 2891 2 2894 ,
42 2859 100 2901 nes
118 2844 201 2900 aliae
219 2845 307 2912 hujus
325 2861 447 2919 generis
466 2847 639 2918 glandulae,
658 2861 733 2915 quiae
752 2845 835 2900 intus
853 2845 885 2898 in
904 2862 970 2900 cor·

42 2927 120 2983 pore
139 2909 215 2967 sitae
233 2921 311 2969 stunt.
356 2917 391 2968 ln
409 2915 459 2970 his
477 2913 576 2986 aegris
594 2915 676 2968 labra
696 2911 803 2983 etiam,
832 2919 862 2966 et
879 2929 971 2969 nares

42 2983 147 3037 solent
165 2988 301 3054 tumere,
331 2990 364 3038 et
387 2985 549 3055 palpebrae
575 2998 665 3052 saepe
693 2981 917 3036 inflammantem
940 2989 971 3036 et

41 3053 272 3107 exculcerantur.
317 3051 431 3130 Quibus
453 3049 540 3106 mulis
562 3049 713 3106 interdum
731 3051 876 3105 accedunt
895 3050 970 3107 curtis

40 3117 140 3186 vitia‘,
168 3123 199 3172 et
216 3131 321 3174 correus
342 3117 425 3187 puris
443 3135 485 3174 ex
503 3118 636 3174 auribus.
672 3121 738 3174 Huc
756 3133 873 3188 quicque
893 3118 970 3174 reie-

39 3188 162 3243 rendae
182 3191 251 3241 sunt
267 3185 438 3244 istiusmodi
456 3186 610 3260 tonsillae,
630 3201 708 3258 qrrae
727 3185 836 3240 ‹lirrtius
855 3193 970 3242 tmnent

39 3271 112 3310 cum
132 3255 260 3324 quandam
278 3255 443 3311 devorandi
462 3249 608 3324 nrolestia,
626 3256 677 3310 vel
690 3271 764 3325 quiae
777 3253 905 3309 subinde
917 3255 969 3310 in-

39 3323 241 3383 flammantur
259 3325 295 3377 ad
315 3325 409 3380 breue
427 3331 541 3394 tempus
561 3339 620 3378 non
639 3322 707 3377 sine
724 3323 818 3377 febre.

112 3394 208 3448 Aetas
232 3390 356 3463 puerilis
380 3392 523 3463 majorem
547 3391 581 3446 in
600 3392 717 3448 modum
738 3398 905 3464 opportuna
923 3399 970 3450 cat
