2306 3898
67 317 73 328 “
152 307 233 361 ’118
336 301 387 360 De
402 299 576 358 morborum
591 293 720 357 Materia
737 281 954 358 reuolubile

251 452 361 511 Omnia
378 453 455 510 haec
471 455 548 510 mala
571 453 656 510 vitos
679 453 965 528 hypochontlriacos
992 459 1025 510 et
1048 471 1113 510 mu·

183 524 274 580 lieres
293 523 465 596 hystericaa
482 522 597 596 pariter
615 529 776 580 exercent.
797 525 890 582 ‚sinn
907 523 1059 578 antemio
1072 523 1114 578 his

172 595 329 665 .qttaedam
349 591 482 662 leviora,
501 591 646 664 quaedam
664 591 816 650 severiora
825 633 836 664 ,
858 602 952 662 utram
972 593 1006 646 iu
1024 592 1113 647 mari·

183 663 256 735 buu
281 661 339 718 alia
357 662 448 717 etiam
464 663 576 716 harum
593 661 660 718 fere
675 661 813 734 propria.
846 661 1002 717 Demissio
1022 669 1055 716 et
1072 662 1114 716 in

184 729 291 790 fractio
323 730 501 787 animorum.
521 732 619 788 solent
653 747 721 787 esse
752 730 887 786 minores
916 729 953 790 in
992 729 1115 787 feminis

184 817 273 872 quam
291 800 325 854 in
344 799 439 870 viris3
466 799 518 855 sed
542 799 577 853 in
598 797 663 856 illis
687 801 781 855 multo
799 799 921 922 saepius
938 799 1057 855 mentis
1076 799 1116 854 ia·

184 871 310 926 cultates
327 885 451 940 prorsus
470 874 604 940 torpeut3
632 875 746 925 statuas
765 885 832 925 esse
870 868 985 940 iceras,
1006 868 1115 940 gaudio

185 945 238 994 nut
256 939 360 993 dolore
378 937 433 992 vix
452 938 629 993 movendas.
664 939 791 994 Animae
810 937 1002 994 defectiones
1021 936 1116 1010 magis

184 1005 351 1063 familiares
369 1003 490 1062 suntin
517 1021 594 1061 sexu
620 1007 763 1065 muliebri
810 1004 883 1062 item
908 1005 1116 1065 distensiones

140 1133 142 1138 Α
185 1091 263 1146 quae
289 1083 438 1131 vocantur
461 1074 693 1147 hystoricae,a
741 1046 831 1131 uiirus
858 1075 996 1148 corporis
1022 1077 1116 1132 robur

122 1180 124 1185 -
185 1144 281 1214 majus
299 1143 501 1216 potestviros
521 1143 695 1200 ‹leiendere
752 1143 1116 1201 islensionumuccessio·
1148 1197 1149 1202 ,

185 1229 239 1269 nes
258 1229 350 1284 saepe
369 1211 543 1281 excitantur
559 1212 622 1282 levi
640 1213 765 1284 quadam
785 1215 928 1270 sensnum
947 1219 1000 1270 aut
1016 1213 1117 1268 'animi
1148 1257 1149 1260 ,

187 1279 364 1351 affectione,
383 1287 413 1336 et
431 1279 567 1351 incipere
585 1283 682 1338 solent
699 1283 736 1337 ab
754 1297 864 1355 angore
883 1281 1051 1337 ventriculi
1070 1289 1117 1338 atu
1148 1299 1149 1346 t

187 1349 357 1418 viscerum3
383 1357 509 1405 manent
526 1351 613 1405 modo
632 1357 820 1406 momentum
836 1349 981 1424 temporis
991 1391 1002 1420 ,
1029 1353 1116 1406 modo
1148 1349 1149 1378 ³

186 1418 383 1490 semihoram,
409 1418 564 1474 interdum
588 1421 678 1474 altera
704 1421 831 1474 alteram
850 1419 990 1476 continuo
1011 1419 1114 1491 sequi·
1148 1421 1149 1432 ¹

187 1498 237 1542 tur
255 1505 311 1558 per
334 1489 486 1572 integrum
511 1489 604 1543 diem·
635 1487 712 1542 iilud
734 1487 848 1544 interea
875 1487 1033 1562 singulare
1059 1496 1114 1556 est,
1148 1487 1149 1502 ³

187 1558 271 1628 quod
295 1572 434 1640 qtrarnvts
457 1573 567 1630 aegrae
606 1557 675 1626 oqui
701 1563 870 1642 nequeant,
898 1563 926 1612 et
953 1556 1116 1612 rideantur

188 1643 284 1698 prope
302 1633 538 1690 intermortuae,
570 1641 661 1696 saepe
680 1630 784 1682 tamen
802 1628 925 1682 atldrunt
950 1632 981 1682 et
999 1624 1114 1681 intelli·
1148 1641 1149 1644 ’

188 1701 263 1770 gant
281 1693 424 1766 quicquid
443 1697 481 1749 ab
500 1693 709 1750 assistentibus
728 1692 846 1750 dicitur.
878 1695 1045 1764 Postquain
1064 1694 1115 1749 ali·

220 1772 337 1820 tantum
356 1762 563 1834 resipuerint,
583 1774 612 1818 et
629 1779 695 1818 vox
713 1762 858 1835 redierit,
876 1771 1005 1835 pergent
1021 1762 1115 1817 inter·

188 1783 262 1888 iim
289 1829 372 1903 loqui
397 1831 497 1886 aliena
521 1848 577 1904 per
599 1829 712 1904 aliquot
727 1831 817 1886 horas
828 1850 836 1904 3
848 1846 850 1854 ’
864 1831 1114 1902 ctrjusmotiileta

190 1900 334 1958 delirium
350 1903 514 1955 nonnullas
532 1900 669 1976 invadit,‘
683 1901 739 1956 etsi
758 1899 849 1970 nuila'¹
860 1900 992 1956 accessio
1009 1902 1110 1972 hyste·

190 1969 253 2025 rica
280 1968 484 2036 antecesserit.
525 1965 605 2023 illud
629 1967 719 2026 etiam
741 1969 776 2023 in
794 1964 971 2024 hoc‘inorbo
988 1969 1111 2025 interest
1148 2023 1149 2044 ,

192 2037 274 2102 inter
292 2037 425 2092 feminas
444 2045 474 2092 et
493 2036 594 2109 viros,
623 2039 704 2110 qttod
729 2036 800 2092 illae
826 2035 1030 2108 procliviores
1048 2046 1114 2094 atrttt
1148 2061 1149 2098 r

192 2107 230 2163 ad
248 2109 396 2179 lacrymas
414 2113 444 2162 et
461 2107 500 2162 acl
516 2107 610 2162 ristun
629 2107 697 2162 sine
713 2107 880 2162 uoluntate.
922 2109 994 2161 Post
1022 2107 1114 2163 risum
1148 2103 1149 2164 i

192 2177 256 2232 fere
273 2175 410 2247 seqnitur
425 2177 571 2246 languor,
597 2177 753 2250 lacrymae
773 2179 911 2230 morbum
927 2175 1046 2232 levant.
1083 2180 1114 2230 ln

194 2243 318 2302 feminis
336 2261 454 2316 quoque
472 2243 595 2316 saepius
614 2253 665 2299 aut
681 2259 747 2300 ron
761 2243 971 2316 supprimitur,
990 2252 1045 2300 atrt
1056 2245 1113 2300 c‘la-

263 2385 366 2446 driaoo,
389 2383 506 2447 intelligi
523 2393 610 2445 potest
627 2397 663 2434 ax
682 2383 944 2446 aequente'ltii'toria.
978 2383 1035 2435 Vir
1051 2385 1114 2435 cirea

262 2453 427 2517 trigesimum
444 2453 537 2502 aetatis
555 2467 669 2514 annum,
692 2447 856 2514 oine'quavio
873 2453 1014 2504 manifesta
1032 2469 1113 2512 cauto,
1148 2441 1149 2528 ]

264 2524 357 2575 incidit
381 2521 410 2571 iu
439 2537 548 2584 gravem
571 2522 651 2570 animi
673 2525 845 2586 languorem,
879 2523 994 2584 uncam
1021 2523 1114 2572 diutina
1148 2529 1149 2536 ¹

262 2591 471 2640 conflictabatur.
507 2591 645 2651 Tandem,
663 2593 752 2640 nescio
770 2606 822 2652 qus
837 2589 930 2660 judicii
947 2593 1114 2654 perversitate

266 2671 366 2718 motus,
384 2661 511 2708 novacula
529 2669 651 2720 arrepta,
669 2674 765 2720 penem
782 2669 949 2720 ceratumque
965 2661 1018 2710 sibi
1036 2661 1113 2709 abaci·

264 2728 313 2778 tlit.
348 2729 488 2788 Postquam
505 2730 601 2790 uulnus
618 2737 739 2778 sanatum
756 2739 840 2788 earet,
857 2729 915 2790 ipre
933 2733 1007 2778 ultro
1026 2727 1113 2800 ajalu,
1148 2713 1149 2780 i

265 2795 381 2846 maxime
397 2796 493 2844 mirum
509 2795 560 2844 sibi
576 2796 672 2858 videri,
689 2799 762 2846 unde
778 2791 839 2846 fieri
857 2797 996 2859 potuisset,
1021 2800 1055 2848 ut
1068 2805 1112 2846 tan
1148 2795 1149 2858 i

265 2865 381 2914 immane
398 2865 499 2914 lacinus
517 2865 642 2926 auderet,
661 2865 704 2924 qui
723 2865 787 2914 aliar
805 2880 911 2928 temper
928 2866 1018 2914 timidi
1035 2865 1113 2914 inerat
1148 2859 1149 2868 ’

265 2933 382 2998 ingenii,
413 2933 451 2982 aia
467 2941 497 2982 ut
513 2948 608 2982 tenum
625 2933 706 2982 incidi
724 2949 778 2984 nou
794 2934 966 3001 mediocriter
981 2943 1113 2988 maneret,

266 3017 353 3063 neque
377 3001 435 3050 tine
459 3005 542 3051 multa
564 3002 762 3063 perturbatione
783 3005 913 3051 tantulum
936 3003 1113 3052 vulnusculum

266 3073 396 3121 sustinere
419 3081 526 3132 poisat:
549 3070 622 3121 idem
637 3081 729 3121 tomen
746 3073 779 3118 ab
797 3071 868 3120 omui
885 3081 959 3120 metu
975 3069 1048 3120 liber
1063 3069 1113 3126 init,

252 3143 332 3188 'dum
349 3141 555 3204 amputationem
572 3139 734 3202 praedictam
751 3137 942 3202 aggrederetur
959 3138 1059 3190 doloris
1080 3146 1112 3185 at·

268 3223 319 3270 que
336 3208 448 3280 periculi
467 3211 584 3272 plenam3
612 3223 690 3272 quam
707 3220 804 3270 porro,
830 3215 860 3256 nt
880 3207 938 3268 ipae
956 3207 1023 3257 mihi
1038 3209 1113 3257 trun

270 3288 326 3334 est,
344 3291 378 3326 ne
395 3277 519 3326 minimus
536 3278 634 3328 doloris
650 3287 743 3327 leuant
760 3285 865 3326 secutus
883 3285 934 3326 eat.

321 3345 421 3395 Similia
438 3346 548 3396 historia
562 3347 662 3410 legitur
676 3347 705 3395 in
721 3347 791 3395 libro
807 3345 851 3395 oui
872 3345 984 3406 titulun,
1011 3337 1113 3394 nebel

272 3413 518 3476 Communicottons,
534 3417 589 3466 rol.
607 3415 643 3466 11.
666 3431 694 3478 p.
713 3412 756 3464 ot.
