2316 3892
214 261 292 338 Gap.
311 261 465 331 LXXII.
499 263 553 323 Da
563 263 682 340 partis
693 267 860 348 palamiis.
947 272 982 340 19

66 419 193 490 praeter
210 414 314 475 omnia
329 416 397 470 loca
414 413 594 471 conueniret
609 414 708 472 insula
724 415 803 473 hand
817 421 943 490 magna,
959 410 994 474 in

67 500 127 556 qua
144 492 267 540 montes
284 484 360 538 nulli
377 484 498 539 excelsi
514 490 600 556 scrut,
618 500 692 554 qtrae
712 483 803 544 etiam
819 489 926 554 procul
943 503 992 542 re·

66 559 147 608 mota
167 557 214 608 est
232 549 421 617 amantibus
438 552 592 607 nivalibus
617 552 745 608 aliatum
770 559 935 624 terrarum,
962 562 994 612 et

68 621 153 692 cujus
172 618 308 692 denique
327 638 360 675 ea
378 627 430 683 ast,
444 617 616 690 temperies,
633 628 668 676 ut
684 620 850 680 mercurius
863 622 895 676 iu
909 625 992 679 ther·

65 695 216 746 mometro
235 689 484 745 Fahrenheitauo
507 705 573 744 raro
599 689 727 744 excedat
753 692 879 762 gradum
896 708 993 746 nona·

65 757 246 830 gesimum,
274 765 325 812 aaut
353 753 432 812 iufra
469 757 691 830 sexagesimum
717 758 891 814 descendat.
932 763 994 816 Per

64 834 200 900 quatuor
217 825 348 882 aestivos
365 841 488 882 menses
506 825 533 880 is
552 834 597 882 est
615 825 780 880 Britannici
800 827 874 882 coeli
893 831 991 900 tepor,

64 902 99 952 nt
116 893 241 950 tabidus
258 893 373 950 frustra
392 901 547 964 quaereret
563 894 645 948 aliud
670 892 727 950 sibi
752 895 989 954 convenientius.

64 966 173 1034 Itaque
197 979 285 1018 nemo
307 962 472 1018 Britannus
499 979 516 1016 e
545 964 689 1032 pulmone
720 963 861 1017 laborans
892 967 992 1022 solrun

64 1039 187 1087 vertere
214 1031 304 1086 debet
330 1046 469 1086 amensa
495 1028 607 1086 Martio
631 1047 726 1100 traque
753 1031 790 1086 ad
818 1035 989 1106 Octobrem,

63 1115 122 1172 per
140 1097 277 1170 reliquos
293 1115 413 1154 menses
430 1097 475 1153 ire
491 1096 609 1168 juvabit
620 1097 651 1153 in
662 1100 771 1169 locum,
791 1100 888 1170 qrralis
900 1105 990 1158 modo

63 1167 241 1242 propositus
259 1167 325 1222 fnit.
360 1165 589 1223 Exercitationis
607 1183 702 1240 genus
719 1165 797 1222 illud
815 1168 990 1240 eligendum

64 1243 129 1306 est,
159 1236 238 1305 qrrod
264 1235 323 1306 ipsi
350 1251 441 1308 aegro
464 1235 633 1290 maximam
651 1236 730 1292 ierat
747 1237 989 1311 delectationem,

64 1311 96 1360 et
111 1302 324 1360 lassitudinem
341 1302 510 1360 minimam.

133 1371 290 1426 'rabidum
308 1378 426 1442 oportet
442 1370 581 1442 inprimis
599 1369 753 1428 abstinere
771 1389 787 1427 a
813 1371 888 1428 rino
910 1391 989 1444 quo·

63 1456 184 1512 cunque
203 1447 233 1495 at
250 1443 287 1494 ab
306 1439 387 1496 omni
400 1441 521 1512 potione
533 1438 715 1511 meraciore,
732 1439 823 1508 item,
841 1450 989 1512 qrrantum

62 1508 222 1564 commode
239 1507 304 1563 lieri
321 1514 438 1580 potest,
462 1524 582 1564 caruem
608 1507 674 1562 cibo
700 1510 892 1581 subtrahere;
920 1528 988 1569 cnm

61 1591 138 1634 sero
153 1576 309 1634 nonnullis
321 1578 425 1633 odiosa
438 1577 498 1633 siut
509 1593 584 1648 qrrae
595 1593 638 1632 cx
651 1583 732 1631 terra
741 1577 916 1658 gigrrrrutnr‚
930 1580 986 1634 nli·

62 1644 137 1716 qnid
158 1647 383 1700 concedendum
401 1653 446 1702 est
463 1645 530 1702 sive
552 1646 778 1717 consuetudini,
805 1645 871 1702 sire
896 1655 985 1702 natu·

62 1731 128 1784 rae,
147 1731 190 1768 ne
206 1713 297 1784 forte,
315 1713 341 1769 si
360 1729 428 1768 caro
445 1731 487 1770 ex
500 1721 562 1769 toto
574 1715 694 1768 sublata
706 1714 758 1782 sit,
776 1713 858 1770 vires
872 1714 987 1786 aegroti

63 1781 161 1863 magis
178 1781 353 1838 miturantur
371 1799 460 1853 quam
477 1782 542 1854 ipse
560 1783 692 1838 morbus.
734 1782 880 1858 Quamvis
903 1784 986 1841 euim

65 1849 123 1906 cilu
142 1847 300 1920 cupiditati
317 1869 380 1906 non
406 1867 527 1921 semper
552 1849 773 1930 indulgendum
799 1851 856 1908 sit·
884 1857 986 1910 tamen

61 1919 285 1992 aegrotantium
309 1925 378 1974 vota
404 1936 465 1974 nou
490 1926 560 1976 arant
577 1933 667 1974 nutus
685 1935 791 1974 severe
809 1920 985 1994 reicienda,

59 1995 114 2044 ant
139 2003 264 2058 prorsus
290 1986 484 2060 negligenda.
529 1985 615 2042 Potui
642 1987 795 2057 aptissima
824 1989 882 2044 erit
908 2005 985 2062 aqua

57 2071 157 2128 pura,
189 2058 310 2125 qrralem
328 2058 477 2126 praebent
495 2053 595 2113 fontes
613 2055 724 2112 montis
742 2053 983 2132 Malverueusis,

57 2125 115 2180 vel
138 2123 303 2178 destillata.
339 2127 419 2200 Quae
436 2140 509 2178 vero
527 2121 640 2196 copiam
659 2140 797 2196 magnam
815 2125 907 2180 habat
924 2131 985 2182 cal·

57 2191 104 2252 cis
123 2198 155 2248 et
167 2189 318 2248 acidorum
330 2189 536 2260 mineralium,
555 2207 671 2244 verrano
685 2191 769 2263 pejus
782 2201 828 2248 est
838 2194 983 2268 vitanda3

57 2277 129 2320 ctam
148 2259 319 2331 hujusmodi
338 2276 415 2332 aqua
451 2267 484 2314 ut
503 2259 576 2316 mihi
595 2259 730 2340 uidetur,
759 2263 876 2331 corpori
894 2281 983 2343 prae·
1059 2301 1064 2312 Ι

56 2327 148 2402 cipue
166 2327 293 2385 inimica·
309 2335 371 2397 cst,
396 2299 555 2400 glandulas
572 2329 774 2400 lymphaticos
790 2327 983 2400 imperitando

55 2405 88 2458 et
108 2396 331 2468 extricerando,
350 2396 441 2452 etiam
458 2397 489 2453 iu
508 2396 630 2466 adultis,
649 2402 678 2450 et
696 2395 745 2466 qui
762 2399 799 2450 ab
819 2398 983 2456 omnilabe

54 2474 214 2525 strumosa
232 2464 320 2520 liberi
339 2473 418 2522 srrnt.
458 2467 551 2520 Porro
576 2466 651 2519 haec
673 2461 766 2534 vitia,
792 2464 852 2520 nisi
879 2466 982 2540 fallor,

53 2533 128 2592 vidi
146 2550 244 2603 aquae
261 2531 391 2614 parcioris
409 2551 462 2588 usu
483 2532 602 2588 discuti.

130 2601 288 2674 Navigatro
304 2603 395 2685 longa
413 2617 429 2656 a
448 2601 637 2670 quibusdam,
657 2600 731 2672 qrios
747 2601 895 2672 curabam,
914 2607 982 2656 ten·

53 2675 120 2730 tata
139 2669 215 2742 fult,
242 2675 289 2740 at,
315 2677 348 2726 ut
364 2668 440 2752 ipsis
456 2669 630 2738 inlabatur,
653 2685 712 2722 nou
739 2666 805 2724 sine
822 2667 920 2724 morbi
938 2672 984 2725 le·

50 2739 205 2808 vatioue3
229 2744 329 2793 tamen
347 2738 414 2795 alais
433 2744 513 2792 certe
531 2737 779 2808 parumprofuit.
816 2739 895 2793 Tuta
914 2739 981 2809 qui·

50 2809 131 2864 dem
155 2821 277 2877 semper
300 2813 363 2876 cst3
397 2823 496 2926 uectae
521 2807 618 2860 ausim
644 2806 738 2886 majus
764 2806 921 2880 quicquam
940 2823 982 2862 ex

47 2877 121 2936 ille
134 2873 283 2948 polliceri.
318 2876 442 2929 Nourrul
456 2873 485 2945 i,
511 2873 562 2944 qrri
580 2889 757 2946 sangumem
770 2873 907 2944 quotidie
926 2893 981 2931 ex·

46 2946 237 3012 recreabant,
256 2943 287 2998 in
301 2941 373 2998 navi
386 2942 507 2998 fnenrnt
518 2939 767 3012 sesquimeusem,
787 2947 815 2996 et
827 2943 897 2998 licet
908 2959 982 3008 narr,-

46 3030 109 3074 ses
132 3027 249 3068 summa
265 3010 384 3077 fuisset,
402 3017 432 3066 et
451 3009 581 3066 vomitus
600 3019 660 3064 tota
678 3009 726 3064 via
744 3025 899 3080 nunquam
919 3029 980 3068 ces·

45 3087 180 3148 flasset,
199 3084 298 3134 tamen
316 3087 403 3148 sputa
422 3085 543 3134 cruenta
563 3094 620 3133 riou
640 3086 724 3132 aucta
743 3085 823 3132 sum.

129 3149 249 3204 Sensus
275 3143 377 3202 nescio
401 3145 468 3216 qrris
494 3144 525 3200 in
551 3145 704 3216 faucibus,
735 3144 839 3198 tussim
863 3142 982 3202 assidue

40 3231 208 3284 movens,
234 3213 383 3270 interdum
398 3222 452 3270 est
474 3216 634 3270 admodum
659 3213 879 3282 molestus3'at
895 3214 980 3268 varia

38 3283 198 3344 remedia
215 3299 292 3338 exeo
315 3282 387 3338 itata
409 3281 533 3338 fuerunt
554 3283 594 3338 ad
618 3281 675 3336 hoo
692 3279 897 3352 importunum
917 3299 982 3336 ma·

38 3360 122 3414 lum
141 3350 277 3408 delinien
302 3369 367 3406 rrmr
385 3348 463 3410 sicut
473 3367 550 3408 uvae
560 3365 669 3424 passae
684 3356 835 3406 comestae
849 3356 879 3404 et
898 3350 979 3408 lente

127 3439 286 3490 lieberdeui
304 3439 401 3501 Opera.
765 3432 783 3488 9
