2306 3898
152 281 204 338 tto
306 279 357 337 De
374 275 546 337 morborum
562 279 693 338 historio
709 290 738 337 ot
754 280 923 339 curatione.

152 434 326 490 tinnovero
346 433 555 508 mersoredii15
573 431 685 492 deinde
703 434 819 509 vertigo
837 443 915 504 erat,
933 440 963 492 ct
977 436 1086 492 creber

152 501 336 576 apoplexiae
354 509 466 558 metus:
493 505 545 559 sed
575 503 655 558 vixit
670 506 783 562 multos
801 521 920 562 menses
939 506 979 560 ob
999 504 1085 562 omni

153 587 273 628 crurum
292 582 343 628 ant
360 572 476 628 ventris
494 578 612 628 turmore
631 571 720 630 liber.

221 641 384 714 Hydrops,
411 639 462 714 qui
481 638 592 696 dicitur
608 655 774 723 anosarcs²
790 638 854 698 sire
871 640 952 697 inter
969 647 1085 712 cutem,

152 724 244 790 saepe
270 707 306 763 fit
329 712 378 764 vel
403 710 484 763 nulla
506 711 558 764 vet
577 717 696 766 tautum
714 711 830 766 leviore
847 712 977 782 quantam
995 713 1084 767 rate·

152 779 258 833 tudine
277 779 494 840 orstecedentet
523 776 652 850 ideoque
675 782 864 850 plerumque·
880 785 1027 852 sensatur,
1054 787 1086 836 et

152 861 196 903 ox
214 852 274 902 toto
293 849 373 902 salsis
396 847 541 918 sequitur.
584 851 757 924 Quamquao
780 855 882 903 autem
908 849 985 904 boec
1012 863 1086 920 spe·

152 915 215 971 cies
234 915 449 998 utplurimum
467 921 557 969 vacet
573 915 728 987 periculo,
760 923 862 972 tomen
882 915 936 971 diu
960 917 1088 974 mahero

152 991 321 1054 constravit,
342 991 372 1039 et
389 983 542 1038 interdum
559 1001 618 1038 nou
636 987 723 1040 modo
740 1001 797 1057 per
815 985 853 1040 ali
887 993 1086 1058 comenses,

152 1052 207 1110 sed
226 1050 316 1108 etiam
335 1069 390 1120 per
407 1051 519 1122 otiquot
539 1069 634 1107 annos
653 1053 751 1114 omnio
770 1069 853 1110 reme
873 1054 902 1109 ia
917 1053 1003 1110 vicit.
1028 1059 1084 1110 Ju-

151 1120 264 1190 niores‚
284 1119 393 1191 qsiique
412 1118 546 1192 corporis
564 1118 677 1192 integri
696 1127 777 1192 suni,
797 1124 830 1177 in
848 1124 928 1178 bunc
943 1123 1085 1180 morbum
1108 1145 1114 1154 ’

150 1187 304 1246 interdum
328 1188 480 1261 incidunt3
508 1187 653 1262 frequens
681 1190 772 1246 etism
799 1190 832 1248 in
859 1190 998 1266 gravidis
1025 1199 1085 1262 est,

152 1258 206 1316 scd
224 1264 294 1327 post
311 1259 448 1312 abortum
466 1275 541 1313 mox
565 1257 705 1314 subsidit.
747 1261 821 1316 Cum
848 1261 907 1315 boo
931 1259 1026 1316 simul
1052 1262 1084 1316 in

152 1325 332 1398 quibusdam
350 1326 475 1382 insolito
491 1329 696 1402 lacrymarum
717 1327 856 1399 profusio
879 1328 950 1384 fnit.
994 1331 1085 1385 Nulla

152 1401 237 1451 aetas
255 1410 360 1451 secura
378 1403 424 1450 est
441 1397 479 1450 ab
497 1396 554 1450 boc
571 1397 669 1467 ma103
694 1395 831 1452 feminae
848 1413 939 1470 vero,
959 1397 1085 1468 saepius

151 1479 244 1588 poam
267 1461 349 1534 viri,
376 1463 432 1520 illo
457 1470 613 1535 urgentur.
658 1465 849 1522 Conveniunt
876 1481 953 1536 quoe
979 1468 1086 1522 alvom

166 1531 263 1588 enitor
285 1538 424 1604 movent,
451 1530 641 1604 interpositis
664 1531 892 1590 medicamentis
915 1535 1030 1589 amoris
1053 1543 1085 1590 et

153 1599 335 1656 aromaticis.
364 1603 523 1658 Interdum
541 1598 678 1656 cruribus
696 1599 802 1659 incisis
820 1604 944 1658 morbus
962 1604 1082 1659 solutus

153 1676 211 1727 est.
252 1669 360 1740 opium
378 1669 467 1726 etism
485 1667 612 1742 singulis
631 1669 771 1726 noctibas
796 1679 951 1744 sumtum,
978 1671 1085 1732 simio

153 1753 193 1796 au
211 1739 339 1797 sudores
357 1735 525 1809 eliciendo,
543 1738 698 1810 praesidio
716 1737 786 1796 fuit.

533 1870 720 1890 Μ

468 1982 536 2040 cs
553 1985 586 2040 r.
625 1987 764 2062 mx.

273 2095 325 2158 Do
342 2097 458 2174 offecto
473 2099 737 2178 hypocboodoioco
754 2111 784 2160 ot
800 2099 959 2180 hystorico.

152 2167 348 2292 Perpessi,
368 2214 420 2278 s'en
438 2220 538 2292 potius
556 2222 631 2278 nulli
650 2222 846 2293 exstiteusnb
866 2221 977 2294 quibus
994 2220 1084 2277 inco·

154 2287 259 2364 gnitus
277 2294 324 2344 est
342 2287 432 2344 animi
451 2290 583 2363 languor
600 2292 794 2362 excrucians,
812 2291 925 2372 quique
943 2307 1007 2346 non
1026 2289 1081 2345 ali·
1144 2319 1145 2324 κ

153 2358 275 2430 quando
292 2356 359 2414 sine
377 2360 440 2412 ulta
462 2359 627 2416 manifesto
653 2377 743 2418 cosses
770 2370 890 2432 experts
914 2365 989 2415 ssent
1016 2373 1082 2414 mm

102 2439 108 2446 ·
154 2425 267 2482 mentis
286 2425 520 2498 demissionem,
543 2445 620 2498 qnae
637 2430 743 2484 nubila
761 2436 793 2485 et
810 2427 964 2484 tristitiam
985 2426 1082 2484 omni-
1144 2469 1145 2472 ,

153 2495 213 2550 bus
231 2492 295 2550 suis
312 2494 464 2550 laboribus
484 2503 514 2550 et
531 2495 643 2553 studiis
666 2496 803 2568 obducit,
828 2513 898 2570 spes
921 2513 993 2552 suas
1015 2498 1081 2552 nbi·

154 2579 213 2636 que
238 2563 305 2646 fere
329 2564 364 2617 in
391 2563 637 2646 desperationum
657 2575 838 2647 conportans
857 2583 918 2646 non
938 2565 1009 2622 sine
1028 2581 1084 2647 ⁸.¹¹:
1143 2585 1145 2592 ⁴

101 2667 105 2674 ’
154 2633 502 2766 bit..*.¹{..‘.⁰¹tf⁸.¹}¹.¹b
520 2635 872 2783 ..bbtttt'ssu'zittd
885 2636 1083 2776 {iiiiii}

155 2769 284 2826 ctericus
303 2767 440 2849 affectos.
467 2769 524 2825 Ubi
540 2719 593 2825 {ic
610 2770 692 2826 levis
712 2778 770 2842 est,
789 2776 820 2827 et
837 2771 897 2852 cito
915 2769 1036 2844 finitur,
1055 2778 1084 2826 ct

84 2890 86 2895 .
155 2835 234 2894 elios
256 2837 356 2908 fugit,
381 2838 463 2893 baud
486 2837 631 2905 diucius
657 2839 794 2896 meminit
820 2847 912 2895 etism
935 2841 990 2912 qui
1017 2855 1083 2896 eom

154 2921 265 2979 possus
278 2913 333 2962 est.
361 2905 474 2984 Quodsi
489 2907 614 2988 gravior
629 2907 692 2990 fiat,
710 2917 741 2964 et
758 2923 849 2980 saepe
866 2915 997 2982 repetat,
1016 2909 1084 2990 dio·

156 2991 214 3048 qne
231 2981 411 3048 pertranseat
438 2991 541 3032 nesclo
555 2992 654 3032 annon
667 2993 731 3048 pure
743 2985 920 3033 numeretur
933 2977 965 3032 iu
980 2993 1083 3032 maxi·

156 3043 212 3099 mis
231 3059 306 3116 quas
325 3041 388 3100 vite
405 3013 499 3101 babet
515 3045 664 3102 miseriis:
689 3045 887 3116 nequeenim
906 3046 967 3125 otia
985 3042 1081 3126 magis

157 3129 262 3171 omnes
280 3113 385 3185 gotidii
403 3114 504 3170 fontes
523 3114 687 3186 supprimit
711 3121 740 3170 et
764 3124 939 3186 corrumpit.
984 3117 1082 3170 Pestis

156 3182 233 3238 hoec
258 3181 357 3238 veluti
382 3181 542 3259 vigilantis
564 3180 714 3240 somnium
739 3189 803 3253 cst,
837 3180 868 3236 in
895 3199 956 3252 quo
980 3181 1079 3248 homo,

157 3265 337 3333 qumquam
355 3252 433 3307 bene
451 3254 572 3321 voleat,
596 3251 655 3308 sibi
673 3252 794 3306 videtin
811 3249 945 3305 omnium
964 3251 1080 3306 morbo-

156 3335 225 3376 rum
243 3317 340 3392 signis
359 3319 478 3394 urgeri3
502 3327 532 3376 et
550 3333 732 3402 quamquam
750 3320 914 3386 innocens,
938 3318 1081 3390 impletur

159 3393 294 3460 terrore,
313 3394 467 3459 tomqsam
485 3405 618 3445 omnium
635 3389 783 3446 socierum
800 3387 940 3446 conscius
956 3392 1047 3446 essct.
